Day,Month,Year,Date,Week,Day Of Week,Occupancy,Occupancy_%,Average_Daily_Rate,Average_Daily_Rate_%,Revenue_Per_Available_Room,Revenue_per_room_%,Supply,Supply_%,Demand,Demand_%,Revenue,Revenue_%,Number_Of_Hotels,Number_Of_Rooms
1,11,2014,11/1/2014,201444,Saturday,49.1,,11640.03,,5717.67,,7286,,3579,,41658958,,93,7286
2,11,2014,11/2/2014,201445,Sunday,29.1,,10659.37,,3106.67,,7286,,2124,,22635212,,93,7286
3,11,2014,11/3/2014,201445,Monday,41.2,,12222.01,,5029.64,,7286,,2998,,36645940,,93,7286
4,11,2014,11/4/2014,201445,Tuesday,49.9,,10941.91,,5458.36,,7286,,3635,,39769581,,93,7286
5,11,2014,11/5/2014,201445,Wednesday,61.2,,12273.43,,7515.91,,7286,,4462,,54760921,,93,7286
6,11,2014,11/6/2014,201445,Thursday,74.2,,10520.59,,7809.11,,7286,,5408,,56897207,,93,7286
7,11,2014,11/7/2014,201445,Friday,42.6,,9655.63,,4110.53,,7286,,3102,,29949317,,93,7286
8,11,2014,11/8/2014,201445,Saturday,29.5,,9671.62,,2850.47,,7286,,2147,,20768492,,93,7286
9,11,2014,11/9/2014,201446,Sunday,41.6,,12019.37,,4998.73,,7286,,303,,36420717,,93,7286
10,11,2014,11/10/2014,201446,Monday,49.8,,11751.27,,5849.28,,7286,,3627,,42617831,,93,7286
11,11,2014,11/11/2014,201446,Tuesday,61.9,,10174.38,,6297.15,,7286,,4509,,45880999,,93,7286
12,11,2014,11/12/2014,201446,Wednesday,58,,10489.01,,6079.69,,7286,,4223,,44296640,,93,7286
13,11,2014,11/13/2014,201446,Thursday,84.1,,9963.1,,8374.1,,7286,,6124,,61013670,,93,7286
14,11,2014,11/14/2014,201446,Friday,82.6,,8495.47,,7019.98,,7286,,6021,,51147587,,93,7286
15,11,2014,11/15/2014,201446,Saturday,73.1,,7969.52,,5828.54,,7286,,5329,,42466707,,93,7286
16,11,2014,11/16/2014,201447,Sunday,35,,10126.43,,3548.25,,7286,,2553,,25852543,,93,7286
17,11,2014,11/17/2014,201447,Monday,72.6,,11123.97,,8074.84,,7286,,5289,,58833286,,93,7286
18,11,2014,11/18/2014,201447,Tuesday,83,,11004.06,,9128.91,,7286,,6044,,66513258,,93,7286
19,11,2014,11/19/2014,201447,Wednesday,82.6,,11248.68,,9295.01,,7286,,6021,,67723474,,93,7286
20,11,2014,11/20/2014,201447,Thursday,79.4,,11212.41,,8897.87,,7286,,5782,,64829890,,93,7286
21,11,2014,11/21/2014,201447,Friday,67.7,,10773.26,,7291.07,,7286,,4931,,53122771,,93,7286
22,11,2014,11/22/2014,201447,Saturday,26.4,,9391.49,,2480.86,,7286,,1925,,18075555,,93,7286
23,11,2014,11/23/2014,201448,Sunday,27.8,,10391.14,,2892.38,,7286,,2028,,21073904,,93,7286
24,11,2014,11/24/2014,201448,Monday,67.4,,11031.16,,7429.49,,7286,,4907,,54131260,,93,7286
25,11,2014,11/25/2014,201448,Tuesday,90.2,,11228.85,,10124.37,,7286,,6569,,73766171,,93,7286
26,11,2014,11/26/2014,201448,Wednesday,73.6,,11264.88,,8287.8,,7286,,536,,60384879,,93,7286
27,11,2014,11/27/2014,201448,Thursday,73.6,,10813.23,,7955.51,,7286,,536,,57963827,,93,7286
28,11,2014,11/28/2014,201448,Friday,32.5,,10027.87,,3261.95,,7286,,237,,23766588,,93,7286
29,11,2014,11/29/2014,201448,Saturday,19.6,,10631.91,,2088.99,,7286,,1432,,15220387,,93,7286
30,11,2014,11/30/2014,201449,Sunday,21.9,,9844.75,,2160,,7286,,1599,,15737738,,93,7286
1,12,2014,12/1/2014,201449,Monday,38.5,,11717.83,,4513.71,,7522,,2897,,33952102,,94,7522
2,12,2014,12/2/2014,201449,Tuesday,51.2,,12697.29,,6497.35,,7522,,3849,,48873054,,94,7522
3,12,2014,12/3/2014,201449,Wednesday,61.4,,11517.47,,7068,,7522,,4616,,53165478,,94,7522
4,12,2014,12/4/2014,201449,Thursday,51.2,,11457.52,,5862.95,,7522,,3849,,44101091,,94,7522
5,12,2014,12/5/2014,201449,Friday,43.6,,10108.86,,4409.3,,7522,,3281,,33166780,,94,7522
6,12,2014,12/6/2014,201449,Saturday,23.8,,11168.75,,2657.24,,7522,,179,,19987778,,94,7522
7,12,2014,12/7/2014,201450,Sunday,24.5,,10350.11,,2530.87,,7522,,1839,,19037240,,94,7522
8,12,2014,12/8/2014,201450,Monday,54.7,,11670.34,,6379.52,,7522,,4112,,47986733,,94,7522
9,12,2014,12/9/2014,201450,Tuesday,60.8,,11393.88,,6927.61,,7522,,4573,,52109492,,94,7522
10,12,2014,12/10/2014,201450,Wednesday,65,,11253.02,,7309.43,,7522,,4886,,54981503,,94,7522
11,12,2014,12/11/2014,201450,Thursday,66.5,,11764.61,,7819.45,,7522,,5,,58817876,,94,7522
12,12,2014,12/12/2014,201450,Friday,46.1,,10902.02,,5022.88,,7522,,3466,,37782095,,94,7522
13,12,2014,12/13/2014,201450,Saturday,40.9,,9216.63,,3767.78,,7522,,3075,,28341260,,94,7522
14,12,2014,12/14/2014,201451,Sunday,47.6,,11594.31,,5516.98,,7522,,3579,,41498738,,94,7522
15,12,2014,12/15/2014,201451,Monday,70.7,,13368.13,,9453.19,,7522,,5319,,71106877,,94,7522
16,12,2014,12/16/2014,201451,Tuesday,72.6,,13306.92,,9661.17,,7522,,5461,,72671325,,94,7522
17,12,2014,12/17/2014,201451,Wednesday,61.4,,11023.35,,6764.77,,7522,,4616,,50884591,,94,7522
18,12,2014,12/18/2014,201451,Thursday,34.7,,12648.44,,4394.51,,7522,,2613,,33055518,,94,7522
19,12,2014,12/19/2014,201451,Friday,22,,10315.68,,2269.24,,7522,,1655,,17069197,,94,7522
20,12,2014,12/20/2014,201451,Saturday,23.2,,8623.05,,2002.73,,7522,,1747,,15064513,,94,7522
21,12,2014,12/21/2014,201452,Sunday,16.2,,9684.29,,1572.61,,7522,,1221,,11829202,,94,7522
22,12,2014,12/22/2014,201452,Monday,22,,10965.13,,2412.1,,7522,,1655,,18143832,,94,7522
23,12,2014,12/23/2014,201452,Tuesday,12,,11178.74,,1340.36,,7522,,902,,10082213,,94,7522
24,12,2014,12/24/2014,201452,Wednesday,13.9,,9206.12,,1277.67,,7522,,1044,,9610662,,94,7522
25,12,2014,12/25/2014,201452,Thursday,12.4,,12020.02,,1486.63,,7522,,930,,11182415,,94,7522
26,12,2014,12/26/2014,201452,Friday,14.1,,9940.34,,1398.34,,7522,,1058,,10518330,,94,7522
27,12,2014,12/27/2014,201452,Saturday,19.3,,9793.19,,1886.17,,7522,,1449,,14187758,,94,7522
28,12,2014,12/28/2014,201501,Sunday,20.8,,8910.82,,1850.83,,7522,,1562,,13921932,,94,7522
29,12,2014,12/29/2014,201501,Monday,,,,,,,,,,,,,94,
30,12,2014,12/30/2014,201501,Tuesday,60.7,,10500.55,,6374.54,,7522,,4566,,47949305,,94,7522
31,12,2014,12/31/2014,201501,Wednesday,79.6,,10758.61,,8562.68,,7522,,5987,,64408479,,94,7522
1,1,2015,1/1/2015,201501,Thursday,70.5,,11670.25,,8231.22,,7522,,5305,,61915245,,94,7522
2,1,2015,1/2/2015,201501,Friday,24.4,,8898.57,,2173.19,,7522,,1837,,16346758,,94,7522
3,1,2015,1/3/2015,201501,Saturday,25.1,,7797.43,,1954.01,,7522,,1885,,14698084,,94,7522
4,1,2015,1/4/2015,201502,Sunday,17.1,,8774.25,,1503.18,,7522,,1289,,11306926,,94,7522
5,1,2015,1/5/2015,201502,Monday,12.3,,8834.95,,1086.88,,7522,,925,,8175500,,94,7522
6,1,2015,1/6/2015,201502,Tuesday,10.3,,9506.47,,977.78,,7522,,774,,7354835,,94,7522
7,1,2015,1/7/2015,201502,Wednesday,15,,7646.95,,1149.78,,7522,,1131,,8648660,,94,7522
8,1,2015,1/8/2015,201502,Thursday,15.5,,9379.71,,1453.05,,7522,,1165,,10929864,,94,7522
9,1,2015,1/9/2015,201502,Friday,18.5,,7814.56,,1445.58,,7522,,1391,,10873688,,94,7522
10,1,2015,1/10/2015,201502,Saturday,34.3,,9051.52,,3101.36,,7522,,2577,,23328455,,94,7522
11,1,2015,1/11/2015,201503,Sunday,17.7,,9497.46,,1679.01,,7522,,133,,12629484,,94,7522
12,1,2015,1/12/2015,201503,Monday,27.9,,10777.99,,3005.4,,7522,,2097,,22606620,,94,7522
13,1,2015,1/13/2015,201503,Tuesday,37.8,,10793.82,,4081.94,,7522,,2845,,30704333,,94,7522
14,1,2015,1/14/2015,201503,Wednesday,42.6,,10586.32,,4505.11,,7522,,3201,,33887414,,94,7522
15,1,2015,1/15/2015,201503,Thursday,38.8,,10091.98,,3917.68,,7522,,292,,29468811,,94,7522
16,1,2015,1/16/2015,201503,Friday,19.9,,9989.86,,1984.54,,7522,,1494,,14927686,,94,7522
17,1,2015,1/17/2015,201503,Saturday,14,,9751.12,,1368.42,,7522,,1056,,10293229,,94,7522
18,1,2015,1/18/2015,201504,Sunday,16,,9938.01,,1593.88,,7522,,1206,,11989163,,94,7522
19,1,2015,1/19/2015,201504,Monday,30.5,,11213.88,,3423.29,,7522,,2296,,25750011,,94,7522
20,1,2015,1/20/2015,201504,Tuesday,32.8,,11772.19,,3861.92,,7522,,2468,,29049343,,94,7522
21,1,2015,1/21/2015,201504,Wednesday,39.4,,11807.52,,4648.21,,7522,,2961,,34963831,,94,7522
22,1,2015,1/22/2015,201504,Thursday,32.5,,10904.13,,3547.34,,7522,,2447,,26683073,,94,7522
23,1,2015,1/23/2015,201504,Friday,21.5,,10734.03,,2308.44,,7522,,1618,,17364067,,94,7522
24,1,2015,1/24/2015,201504,Saturday,15.1,,10197.18,,1542.52,,7522,,1138,,11602847,,94,7522
25,1,2015,1/25/2015,201505,Sunday,21.2,,11792.34,,2503.8,,7522,,1597,,18833566,,94,7522
26,1,2015,1/26/2015,201505,Monday,40.7,,11320.31,,4611.15,,7522,,3064,,34685058,,94,7522
27,1,2015,1/27/2015,201505,Tuesday,40,,11638.57,,4655.94,,7522,,3009,,35021971,,94,7522
28,1,2015,1/28/2015,201505,Wednesday,44.9,,11409,,5125.52,,7522,,3379,,38554129,,94,7522
29,1,2015,1/29/2015,201505,Thursday,38,,10848.05,,4122.22,,7522,,2858,,31007314,,94,7522
30,1,2015,1/30/2015,201505,Friday,24.9,,9229.28,,2296.01,,7522,,1871,,17270581,,94,7522
31,1,2015,1/31/2015,201505,Saturday,16.3,,9074.4,,1480.18,,7522,,1227,,11133904,,94,7522
1,2,2015,2/1/2015,201506,Sunday,14,,10792.1,,1508.97,,7522,,1052,,11350504,,94,7522
2,2,2015,2/2/2015,201506,Monday,24.4,,12225.86,,2978.42,,7522,,1832,,22403678,,94,7522
3,2,2015,2/3/2015,201506,Tuesday,32.6,,11061.42,,3605.64,,7522,,2452,,27121654,,94,7522
4,2,2015,2/4/2015,201506,Wednesday,37.4,,10838.3,,4053.55,,7522,,2813,,30490826,,94,7522
5,2,2015,2/5/2015,201506,Thursday,34.5,,10871.77,,3748.99,,7522,,2594,,28199922,,94,7522
6,2,2015,2/6/2015,201506,Friday,23.4,,9460.47,,2215.46,,7522,,1762,,16664677,,94,7522
7,2,2015,2/7/2015,201506,Saturday,19.6,,9640.46,,1893.74,,7522,,1478,,14244746,,94,7522
8,2,2015,2/8/2015,201507,Sunday,16.2,,10350.18,,1678.02,,7522,,122,,12622087,,94,7522
9,2,2015,2/9/2015,201507,Monday,39.2,,11664.62,,4572.73,,7522,,2949,,34396039,,94,7522
10,2,2015,2/10/2015,201507,Tuesday,42.6,,11739.38,,5004.83,,7522,,3207,,37646357,,94,7522
11,2,2015,2/11/2015,201507,Wednesday,43.7,,11764.21,,5146.61,,7522,,3291,,38712802,,94,7522
12,2,2015,2/12/2015,201507,Thursday,38.8,,11442.16,,4436.44,,7522,,2916,,33370906,,94,7522
13,2,2015,2/13/2015,201507,Friday,29.6,,9778.04,,2893.74,,7522,,2226,,21766682,,94,7522
14,2,2015,2/14/2015,201507,Saturday,22.1,,8493.23,,1879.67,,7522,,1665,,14138855,,94,7522
15,2,2015,2/15/2015,201508,Sunday,17.7,,8891.67,,1571.23,,7522,,1329,,11818769,,94,7522
16,2,2015,2/16/2015,201508,Monday,22.2,,9926.09,,2205.29,,7522,,1671,,16588203,,94,7522
17,2,2015,2/17/2015,201508,Tuesday,40.7,,11027.66,,4483.84,,7522,,3058,,33727436,,94,7522
18,2,2015,2/18/2015,201508,Wednesday,62.5,,10375.95,,6488.49,,7522,,4704,,48806432,,94,7522
19,2,2015,2/19/2015,201508,Thursday,62.2,,10333.42,,6426.44,,7522,,4678,,48339662,,94,7522
20,2,2015,2/20/2015,201508,Friday,37.7,,9444.69,,3564.75,,7522,,2839,,26814027,,94,7522
21,2,2015,2/21/2015,201508,Saturday,32.9,,8383.32,,2754.25,,7522,,2471,,20717448,,94,7522
22,2,2015,2/22/2015,201509,Sunday,34.7,,9417.66,,3271.8,,7522,,2613,,24610450,,94,7522
23,2,2015,2/23/2015,201509,Monday,45,,11053.66,,4977.98,,7522,,3388,,37444398,,94,7522
24,2,2015,2/24/2015,201509,Tuesday,59.2,,11853.3,,7015.79,,7522,,4452,,52772767,,94,7522
25,2,2015,2/25/2015,201509,Wednesday,62.8,,10246.61,,6433.98,,7522,,4723,,48396385,,94,7522
26,2,2015,2/26/2015,201509,Thursday,55.4,,10974.66,,6081.52,,7522,,4168,,45745165,,94,7522
27,2,2015,2/27/2015,201509,Friday,36.4,,8719.91,,3171.51,,7522,,2736,,23856102,,94,7522
28,2,2015,2/28/2015,201509,Saturday,30.5,,9156.36,,2788.3,,7522,,2291,,20973588,,94,7522
1,3,2015,3/1/2015,201510,Sunday,26.9,,10152.19,,2732.26,,7522,,2024,,20552024,,94,7522
2,3,2015,3/2/2015,201510,Monday,34.6,,11021.56,,3812.45,,7522,,2602,,28677242,,94,7522
3,3,2015,3/3/2015,201510,Tuesday,35.6,,11586.31,,4129.53,,7522,,2681,,31062358,,94,7522
4,3,2015,3/4/2015,201510,Wednesday,44.4,,11883.05,,5272.51,,7522,,3338,,39659849,,94,7522
5,3,2015,3/5/2015,201510,Thursday,50.5,,10878.73,,5495.1,,7522,,38,,41334131,,94,7522
6,3,2015,3/6/2015,201510,Friday,39.4,,9525.64,,3749.22,,7522,,2961,,28201600,,94,7522
7,3,2015,3/7/2015,201510,Saturday,28.2,,9088.06,,2563.39,,7522,,2122,,19281794,,94,7522
8,3,2015,3/8/2015,201511,Sunday,26.5,,10271.91,,2722.97,,7522,,1994,,20482162,,94,7522
9,3,2015,3/9/2015,201511,Monday,49.1,,11610.59,,5705.26,,7522,,3696,,42914935,,94,7522
10,3,2015,3/10/2015,201511,Tuesday,54.6,,11299,,6173.11,,7522,,411,,46434134,,94,7522
11,3,2015,3/11/2015,201511,Wednesday,51.6,,11495.15,,5927.24,,7522,,3879,,44584724,,94,7522
12,3,2015,3/12/2015,201511,Thursday,56.4,,9869.9,,5567.83,,7522,,4243,,41881196,,94,7522
13,3,2015,3/13/2015,201511,Friday,41,,8751.61,,3586.03,,7522,,3082,,26974085,,94,7522
14,3,2015,3/14/2015,201511,Saturday,34.8,,8219.67,,2863.18,,7522,,262,,21536850,,94,7522
15,3,2015,3/15/2015,201512,Sunday,27.2,,9178.79,,2499.96,,7522,,2049,,18804693,,94,7522
16,3,2015,3/16/2015,201512,Monday,53.7,,10238.43,,5502.66,,7522,,4043,,41390981,,94,7522
17,3,2015,3/17/2015,201512,Tuesday,52.7,,11062.88,,5829.53,,7522,,3964,,43849690,,94,7522
18,3,2015,3/18/2015,201512,Wednesday,48.1,,10904.52,,5243.74,,7522,,3617,,39443388,,94,7522
19,3,2015,3/19/2015,201512,Thursday,45.3,,10377.44,,4705.12,,7522,,341,,35391903,,94,7522
20,3,2015,3/20/2015,201512,Friday,35.5,,9240.73,,3278.6,,7522,,2669,,24661605,,94,7522
21,3,2015,3/21/2015,201512,Saturday,28.7,,8365.67,,2400.2,,7522,,2158,,18054275,,94,7522
22,3,2015,3/22/2015,201513,Sunday,25.8,,9863.93,,2543.07,,7522,,1939,,19128954,,94,7522
23,3,2015,3/23/2015,201513,Monday,53,,10911.75,,5785.16,,7522,,3988,,43515984,,94,7522
24,3,2015,3/24/2015,201513,Tuesday,65.9,,10679.28,,7034.24,,7522,,4955,,52911516,,94,7522
25,3,2015,3/25/2015,201513,Wednesday,76.5,,11106.5,,8491.52,,7522,,5751,,63873236,,94,7522
26,3,2015,3/26/2015,201513,Thursday,67.6,,10985.99,,7431.6,,7522,,5088,,55900464,,94,7522
27,3,2015,3/27/2015,201513,Friday,33.1,,9484.02,,3134.97,,7522,,2486,,23581234,,94,7522
28,3,2015,3/28/2015,201513,Saturday,28.8,,8799.96,,2531.91,,7522,,2164,,19045016,,94,7522
29,3,2015,3/29/2015,201514,Sunday,30.8,,9245.6,,2846.93,,7522,,2316,,21414634,,94,7522
30,3,2015,3/30/2015,201514,Monday,49.6,,11061.15,,5488.91,,7522,,3733,,41287569,,94,7522
31,3,2015,3/31/2015,201514,Tuesday,58.5,,10575.71,,6188.22,,7522,,4401,,46547762,,94,7522
1,4,2015,4/1/2015,201514,Wednesday,42.6,,10598.43,,4510.41,,7522,,3201,,33927336,,94,7522
2,4,2015,4/2/2015,201514,Thursday,36,,11152.73,,4016.11,,7522,,2709,,30209166,,94,7522
3,4,2015,4/3/2015,201514,Friday,35.8,,8764.31,,3141.69,,7522,,2696,,23631790,,94,7522
4,4,2015,4/4/2015,201514,Saturday,30.5,,9927.07,,3030.41,,7522,,2296,,22794735,,94,7522
5,4,2015,4/5/2015,201515,Sunday,21,,9679.94,,2028.08,,7522,,1576,,15255187,,94,7522
6,4,2015,4/6/2015,201515,Monday,21.9,,9820.71,,2145.98,,7522,,1644,,16142056,,94,7522
7,4,2015,4/7/2015,201515,Tuesday,34,,11522.91,,3913.65,,7522,,2555,,29438454,,94,7522
8,4,2015,4/8/2015,201515,Wednesday,45.3,,10174.74,,4604.9,,7522,,3404,,34638029,,94,7522
9,4,2015,4/9/2015,201515,Thursday,45.3,,8093.07,,3669.39,,7522,,341,,27601184,,94,7522
10,4,2015,4/10/2015,201515,Friday,36.6,,8349.45,,3054.48,,7522,,2752,,22975766,,94,7522
11,4,2015,4/11/2015,201515,Saturday,37.2,,7114.62,,2643.5,,7522,,2795,,19884383,,94,7522
12,4,2015,4/12/2015,201516,Sunday,22.8,,7537.71,,1721.13,,7522,,1718,,12946377,,94,7522
13,4,2015,4/13/2015,201516,Monday,28.3,,10558.18,,2989.76,,7522,,213,,22488996,,94,7522
14,4,2015,4/14/2015,201516,Tuesday,49.6,,10966.98,,5439.15,,7522,,3731,,40913302,,94,7522
15,4,2015,4/15/2015,201516,Wednesday,67.4,,11337.49,,7636.39,,7522,,5066,,57440914,,94,7522
16,4,2015,4/16/2015,201516,Thursday,69.8,,11028.03,,7698.72,,7522,,5251,,57909779,,94,7522
17,4,2015,4/17/2015,201516,Friday,54.8,,9755.13,,5349.09,,7522,,4125,,40235818,,94,7522
18,4,2015,4/18/2015,201516,Saturday,52.4,,9284.43,,4863.02,,7522,,394,,36579670,,94,7522
19,4,2015,4/19/2015,201517,Sunday,51.5,,11125.5,,5727.19,,7522,,3872,,43079918,,94,7522
20,4,2015,4/20/2015,201517,Monday,76,,12280.96,,9337.26,,7522,,5719,,70234855,,94,7522
21,4,2015,4/21/2015,201517,Tuesday,91.1,,11974.34,,10907.32,,7522,,6852,,82044874,,94,7522
22,4,2015,4/22/2015,201517,Wednesday,87.7,,12139.2,,10640.23,,7522,,6593,,80035790,,94,7522
23,4,2015,4/23/2015,201517,Thursday,81.4,,11694.86,,9513.78,,7522,,6119,,71562642,,94,7522
24,4,2015,4/24/2015,201517,Friday,71,,10463.22,,7424.31,,7522,,5337,,55845658,,94,7522
25,4,2015,4/25/2015,201517,Saturday,48.9,,9834.18,,4804.9,,7522,,3675,,36142422,,94,7522
26,4,2015,4/26/2015,201518,Sunday,40.6,,10578.77,,4294.26,,7522,,3053,,32301416,,94,7522
27,4,2015,4/27/2015,201518,Monday,52.5,,11954.08,,6271.13,,7522,,3946,,47171418,,94,7522
28,4,2015,4/28/2015,201518,Tuesday,58.7,,12028.71,,7058.45,,7522,,4414,,53093691,,94,7522
29,4,2015,4/29/2015,201518,Wednesday,50.7,,11661.31,,5917.12,,7522,,3817,,44508594,,94,7522
30,4,2015,4/30/2015,201518,Thursday,31.5,,10153.16,,3199.14,,7522,,237,,24063930,,94,7522
1,5,2015,5/1/2015,201518,Friday,38.6,,8980.86,,3470.21,,7595,,2935,,26355908,,96,7595
2,5,2015,5/2/2015,201518,Saturday,35.9,,8506.95,,3053.31,,7595,,2726,,23189600,,96,7595
3,5,2015,5/3/2015,201519,Sunday,27.5,,9112.48,,2504.21,,7595,,2087,,19019215,,96,7595
4,5,2015,5/4/2015,201519,Monday,39.6,,10492.16,,4150.29,,7594,,3004,,31516892,,96,7594
5,5,2015,5/5/2015,201519,Tuesday,44.5,,10333.65,,4595.31,,7594,,3377,,34896312,,96,7594
6,5,2015,5/6/2015,201519,Wednesday,40.6,,11664.68,,4740.37,,7594,,3086,,35997914,,96,7594
7,5,2015,5/7/2015,201519,Thursday,46.1,,10774.13,,4961.66,,7594,,3497,,37678367,,96,7594
8,5,2015,5/8/2015,201519,Friday,62.7,,8523.03,,5344.52,,7594,,4762,,40585781,,96,7594
9,5,2015,5/9/2015,201519,Saturday,59.5,,8250.69,,4912.65,,7594,,4522,,37306208,,96,7594
10,5,2015,5/10/2015,201520,Sunday,40,,9571,,3825.76,,7594,,3035,,29052489,,96,7594
11,5,2015,5/11/2015,201520,Monday,59.8,,12161.35,,7271.53,,7594,,4541,,55219284,,96,7594
12,5,2015,5/12/2015,201520,Tuesday,72.2,,11503.51,,8305.56,,7594,,5483,,63071644,,96,7594
13,5,2015,5/13/2015,201520,Wednesday,64.8,,11326.84,,7338.51,,7594,,492,,55727952,,96,7594
14,5,2015,5/14/2015,201520,Thursday,61.2,,10350.88,,6335.55,,7594,,4648,,48111531,,96,7594
15,5,2015,5/15/2015,201520,Friday,64.9,,8864.56,,5750.62,,7594,,4926,,43669627,,96,7594
16,5,2015,5/16/2015,201520,Saturday,56,,8180.81,,4578.1,,7594,,425,,34765633,,96,7594
17,5,2015,5/17/2015,201521,Sunday,48.6,,9097.17,,4424.24,,7594,,3693,,33597265,,96,7594
18,5,2015,5/18/2015,201521,Monday,65,,11243.93,,7303.52,,7594,,4933,,55462234,,96,7594
19,5,2015,5/19/2015,201521,Tuesday,73.7,,11480.15,,8460.78,,7594,,5597,,64250335,,96,7594
20,5,2015,5/20/2015,201521,Wednesday,68.2,,11187.35,,7630.11,,7594,,5179,,57942315,,96,7594
21,5,2015,5/21/2015,201521,Thursday,66,,11193.48,,7382.61,,7594,,5009,,56062825,,96,7594
22,5,2015,5/22/2015,201521,Friday,72.5,,9637.61,,6982.46,,7594,,5502,,53024120,,96,7594
23,5,2015,5/23/2015,201521,Saturday,71.6,,9511.33,,6811.76,,7594,,5439,,51727830,,96,7594
24,5,2015,5/24/2015,201522,Sunday,53.4,,9968.74,,5321.3,,7594,,4054,,40409454,,96,7594
25,5,2015,5/25/2015,201522,Monday,54,,10804.07,,5839.18,,7594,,4104,,44342157,,96,7594
26,5,2015,5/26/2015,201522,Tuesday,66.3,,11251.27,,7458.2,,7594,,5034,,56636881,,96,7594
27,5,2015,5/27/2015,201522,Wednesday,79.5,,11474.6,,9125.58,,7594,,6039,,69298798,,96,7594
28,5,2015,5/28/2015,201522,Thursday,63.5,,10752.25,,6822.98,,7594,,4819,,51813023,,96,7594
29,5,2015,5/29/2015,201522,Friday,54.7,,8906.04,,4872.7,,7594,,4155,,37002805,,96,7594
30,5,2015,5/30/2015,201522,Saturday,45.9,,8618.38,,3954.55,,7594,,3484,,30030466,,96,7594
31,5,2015,5/31/2015,201523,Sunday,36.1,,9582.15,,3455.18,,7594,,2738,,26238298,,96,7594
1,6,2015,6/1/2015,201523,Monday,62.4,,10410.12,,6500.04,,7594,,4742,,49361327,,96,7594
2,6,2015,6/2/2015,201523,Tuesday,69.4,,10339.13,,7173.02,,7594,,5269,,54471887,,96,7594
3,6,2015,6/3/2015,201523,Wednesday,60.9,,10711.24,,6521.95,,7594,,4624,,49527711,,96,7594
4,6,2015,6/4/2015,201523,Thursday,52.3,,10796.85,,5648.77,,7594,,3973,,42896783,,96,7594
5,6,2015,6/5/2015,201523,Friday,46.7,,11389.85,,5317.57,,7594,,3545,,40381596,,96,7594
6,6,2015,6/6/2015,201523,Saturday,43,,11333.27,,4874.89,,7594,,3266,,37019914,,96,7594
7,6,2015,6/7/2015,201524,Sunday,25.8,,10294.52,,2655.17,,7594,,1959,,20163356,,96,7594
8,6,2015,6/8/2015,201524,Monday,43.2,,11030.65,,4762.73,,7594,,3279,,36168156,,96,7594
9,6,2015,6/9/2015,201524,Tuesday,52,,10881.87,,5657.72,,7594,,3948,,42964751,,96,7594
10,6,2015,6/10/2015,201524,Wednesday,70,,10383.09,,7271.31,,7594,,5318,,55218345,,96,7594
11,6,2015,6/11/2015,201524,Thursday,60.2,,10377.94,,6251.24,,7594,,4574,,47471942,,96,7594
12,6,2015,6/12/2015,201524,Friday,43.3,,9290.1,,4026.37,,7594,,3291,,30576269,,96,7594
13,6,2015,6/13/2015,201524,Saturday,31.2,,9496.7,,2960.98,,7594,,2368,,22485662,,96,7594
14,6,2015,6/14/2015,201525,Sunday,34.9,,9390.06,,3280.28,,7594,,2653,,24910453,,96,7594
15,6,2015,6/15/2015,201525,Monday,47.9,,10715.77,,5134.05,,7594,,3638,,38987989,,96,7594
16,6,2015,6/16/2015,201525,Tuesday,66.2,,10973.66,,7263.92,,7594,,5027,,55162242,,96,7594
17,6,2015,6/17/2015,201525,Wednesday,70.4,,11227.04,,7898.98,,7594,,5343,,59984890,,96,7594
18,6,2015,6/18/2015,201525,Thursday,59.7,,10324.91,,6168.74,,7594,,4537,,46845391,,96,7594
19,6,2015,6/19/2015,201525,Friday,38.2,,9415.41,,3596.53,,7594,,2901,,27312066,,96,7594
20,6,2015,6/20/2015,201525,Saturday,28.5,,9681.7,,2757.88,,7594,,2163,,20943362,,96,7594
21,6,2015,6/21/2015,201526,Sunday,30.4,,9637.66,,2926.26,,7594,,2306,,22222051,,96,7594
22,6,2015,6/22/2015,201526,Monday,55.3,,12097.93,,6694.83,,7594,,4202,,50840568,,96,7594
23,6,2015,6/23/2015,201526,Tuesday,69.1,,10777.11,,7450.49,,7594,,525,,56579001,,96,7594
24,6,2015,6/24/2015,201526,Wednesday,76.7,,9686.31,,7431.65,,7594,,5826,,56435940,,96,7594
25,6,2015,6/25/2015,201526,Thursday,68.8,,9691.72,,6668.49,,7594,,5225,,50640507,,96,7594
26,6,2015,6/26/2015,201526,Friday,63.3,,8530.04,,5402.71,,7594,,481,,41028168,,96,7594
27,6,2015,6/27/2015,201526,Saturday,56.7,,8057.76,,4570.86,,7594,,4308,,34711133,,96,7594
28,6,2015,6/28/2015,201527,Sunday,50.7,,8777.16,,4448.82,,7594,,3849,,33784320,,96,7594
29,6,2015,6/29/2015,201527,Monday,38,,10190.5,,3875.97,,7594,,2888,,29434118,,96,7594
30,6,2015,6/30/2015,201527,Tuesday,49.6,,10136.79,,5030.41,,7594,,3769,,38200903,,96,7594
1,7,2015,7/1/2015,201527,Wednesday,56,,9860.14,,5519.53,,7717,,432,,42594219,,97,7717
2,7,2015,7/2/2015,201527,Thursday,44.7,,10049.17,,4496.93,,7717,,3453,,34702828,,97,7717
3,7,2015,7/3/2015,201527,Friday,30.3,,8896.16,,2695.07,,7717,,2338,,20797826,,97,7717
4,7,2015,7/4/2015,201527,Saturday,24,,9272.14,,2227.56,,7717,,1854,,17190076,,97,7717
5,7,2015,7/5/2015,201528,Sunday,18.9,,10033.32,,1894.99,,7717,,1458,,14623648,,97,7717
6,7,2015,7/6/2015,201528,Monday,37.4,,9623.05,,3598.65,,7717,,2886,,27770818,,97,7717
7,7,2015,7/7/2015,201528,Tuesday,42.8,,10230.57,,4376.93,,7717,,3302,,33776738,,97,7717
8,7,2015,7/8/2015,201528,Wednesday,45.6,,9669.47,,4408.25,,7717,,3518,,34018487,,97,7717
9,7,2015,7/9/2015,201528,Thursday,34,,10032.59,,3413.18,,7717,,2625,,26339495,,97,7717
10,7,2015,7/10/2015,201528,Friday,28.1,,8847.77,,2489.23,,7717,,2171,,19209380,,97,7717
11,7,2015,7/11/2015,201528,Saturday,19.5,,9091.49,,1773.66,,7717,,1506,,13687305,,97,7717
12,7,2015,7/12/2015,201529,Sunday,23,,9094.88,,2091.83,,7717,,1775,,16142625,,97,7717
13,7,2015,7/13/2015,201529,Monday,37.4,,10311.72,,3861.07,,7717,,289,,29795885,,97,7717
14,7,2015,7/14/2015,201529,Tuesday,38.8,,9534.66,,3700.65,,7717,,2995,,28557887,,97,7717
15,7,2015,7/15/2015,201529,Wednesday,43.5,,9351.17,,4071.11,,7717,,336,,31416731,,97,7717
16,7,2015,7/16/2015,201529,Thursday,34.9,,9571.42,,3341.46,,7717,,2694,,25786020,,97,7717
17,7,2015,7/17/2015,201529,Friday,27.3,,9135.12,,2495.04,,7717,,2108,,19254192,,97,7717
18,7,2015,7/18/2015,201529,Saturday,33.3,,8086.78,,2690.3,,7717,,2567,,20761065,,97,7717
19,7,2015,7/19/2015,201530,Sunday,27,,8310.71,,2241.42,,7717,,2081,,17297060,,97,7717
20,7,2015,7/20/2015,201530,Monday,35.9,,8901.27,,3192.81,,7717,,2768,,24638880,,97,7717
21,7,2015,7/21/2015,201530,Tuesday,43.7,,10075.58,,4407.18,,7717,,3376,,34010176,,97,7717
22,7,2015,7/22/2015,201530,Wednesday,38.7,,9687.93,,3746.87,,7717,,2985,,28914600,,97,7717
23,7,2015,7/23/2015,201530,Thursday,39.3,,9124.75,,3585.28,,7717,,3032,,27667570,,97,7717
24,7,2015,7/24/2015,201530,Friday,32.3,,8770.93,,2833.85,,7717,,2493,,21868826,,97,7717
25,7,2015,7/25/2015,201530,Saturday,34.6,,8369.14,,2898.82,,7717,,2673,,22370156,,97,7717
26,7,2015,7/26/2015,201531,Sunday,32.7,,8532.44,,2791.84,,7717,,2525,,21544624,,97,7717
27,7,2015,7/27/2015,201531,Monday,45.6,,8943.68,,4077.37,,7717,,3518,,31465051,,97,7717
28,7,2015,7/28/2015,201531,Tuesday,41,,9621.69,,3945.19,,7717,,3164,,30445015,,97,7717
29,7,2015,7/29/2015,201531,Wednesday,40.3,,9931.6,,3997.48,,7717,,3106,,30848515,,97,7717
30,7,2015,7/30/2015,201531,Thursday,34,,9737.49,,3312.78,,7717,,2625,,25564728,,97,7717
31,7,2015,7/31/2015,201531,Friday,34.8,,8826.15,,3069.19,,7717,,2684,,23684964,,97,7717
1,8,2015,8/1/2015,201531,Saturday,29.8,,8291.76,,2472.99,,7717,,2302,,19084102,,97,7717
2,8,2015,8/2/2015,201532,Sunday,31.6,,8072.49,,2550.47,,7717,,2438,,19681948,,97,7717
3,8,2015,8/3/2015,201532,Monday,52.6,,8758.61,,4604.41,,7717,,4057,,35532269,,97,7717
4,8,2015,8/4/2015,201532,Tuesday,56.6,,9063.15,,5132.84,,7717,,437,,39610162,,97,7717
5,8,2015,8/5/2015,201532,Wednesday,60.2,,8789.1,,5294.5,,7717,,4649,,40857653,,97,7717
6,8,2015,8/6/2015,201532,Thursday,57.8,,8902.5,,5146.9,,7717,,4462,,39718610,,97,7717
7,8,2015,8/7/2015,201532,Friday,56.8,,8443.89,,4798.74,,7717,,4386,,37031841,,97,7717
8,8,2015,8/8/2015,201532,Saturday,57.2,,8065.56,,4615.45,,7717,,4416,,35617422,,97,7717
9,8,2015,8/9/2015,201533,Sunday,51.9,,8099.14,,4204.64,,7717,,4006,,32447216,,97,7717
10,8,2015,8/10/2015,201533,Monday,59.5,,8462.04,,5030.92,,7717,,4588,,38823604,,97,7717
11,8,2015,8/11/2015,201533,Tuesday,65.4,,8810.99,,5758.18,,7717,,5043,,44435858,,97,7717
12,8,2015,8/12/2015,201533,Wednesday,56.4,,9449.35,,5332.98,,7717,,4355,,41154628,,97,7717
13,8,2015,8/13/2015,201533,Thursday,57,,9332.1,,5315.75,,7717,,4396,,41021611,,97,7717
14,8,2015,8/14/2015,201533,Friday,52.9,,8952.84,,4735.86,,7717,,4082,,36546654,,97,7717
15,8,2015,8/15/2015,201533,Saturday,41.5,,7615.27,,3159.76,,7717,,3202,,24383871,,97,7717
16,8,2015,8/16/2015,201534,Sunday,38.1,,7566.77,,2886.68,,7717,,2944,,22276506,,97,7717
17,8,2015,8/17/2015,201534,Monday,45.4,,8519.93,,3864.62,,7717,,35,,29823309,,97,7717
18,8,2015,8/18/2015,201534,Tuesday,51.5,,8665.34,,4458.82,,7717,,3971,,34408744,,97,7717
19,8,2015,8/19/2015,201534,Wednesday,56.4,,8799.19,,4966.05,,7717,,4355,,38322971,,97,7717
20,8,2015,8/20/2015,201534,Thursday,55.4,,8294.76,,4594.36,,7717,,4274,,35454710,,97,7717
21,8,2015,8/21/2015,201534,Friday,38.5,,7783.29,,2994.79,,7717,,2969,,23110797,,97,7717
22,8,2015,8/22/2015,201534,Saturday,35.3,,7392.98,,2607.15,,7717,,2721,,20119408,,97,7717
23,8,2015,8/23/2015,201535,Sunday,24.6,,8065.98,,1982.68,,7717,,1897,,15300360,,97,7717
24,8,2015,8/24/2015,201535,Monday,38.3,,8668.26,,3323.94,,7717,,2959,,25650835,,97,7717
25,8,2015,8/25/2015,201535,Tuesday,43,,9551.07,,4106.96,,7717,,3318,,31693448,,97,7717
26,8,2015,8/26/2015,201535,Wednesday,46.1,,9738.55,,4487.61,,7717,,3556,,34630859,,97,7717
27,8,2015,8/27/2015,201535,Thursday,39.7,,9436.96,,3742.42,,7717,,306,,28880264,,97,7717
28,8,2015,8/28/2015,201535,Friday,39,,7832.74,,3054.89,,7717,,301,,23574590,,97,7717
29,8,2015,8/29/2015,201535,Saturday,33.8,,7862.06,,2659.2,,7717,,261,,20521045,,97,7717
30,8,2015,8/30/2015,201536,Sunday,33.3,,8099.22,,2696.94,,7717,,257,,20812314,,97,7717
31,8,2015,8/31/2015,201536,Monday,33.8,,8859.28,,2990.68,,7717,,2605,,23079115,,97,7717
1,9,2015,9/1/2015,201536,Tuesday,46.9,,9306.59,,4362.12,,7831,,367,,34159755,,98,7831
2,9,2015,9/2/2015,201536,Wednesday,58.5,,9196.01,,5380.51,,7831,,4582,,42134771,,98,7831
3,9,2015,9/3/2015,201536,Thursday,54,,9108.17,,4917.48,,7831,,4228,,38508800,,98,7831
4,9,2015,9/4/2015,201536,Friday,58.3,,8549.92,,4986.09,,7831,,4567,,39046037,,98,7831
5,9,2015,9/5/2015,201536,Saturday,70.6,,11258.05,,7947.59,,7831,,5528,,62237557,,98,7831
6,9,2015,9/6/2015,201537,Sunday,63.2,,12272.87,,7753.65,,7831,,4947,,60718808,,98,7831
7,9,2015,9/7/2015,201537,Monday,82.3,,11778.3,,9693.13,,7831,,6445,,75906917,,98,7831
8,9,2015,9/8/2015,201537,Tuesday,83,,11765.72,,9765.53,,7831,,65,,76473898,,98,7831
9,9,2015,9/9/2015,201537,Wednesday,74,,11345.4,,8401.01,,7831,,5799,,65788282,,98,7831
10,9,2015,9/10/2015,201537,Thursday,62.2,,10709.54,,6663.26,,7831,,4872,,52179992,,98,7831
11,9,2015,9/11/2015,201537,Friday,36.9,,9540.12,,3519.92,,7831,,2889,,27564495,,98,7831
12,9,2015,9/12/2015,201537,Saturday,26.8,,7911.82,,2119.79,,7831,,2098,,16600104,,98,7831
13,9,2015,9/13/2015,201538,Sunday,29.4,,8317.37,,2441.19,,7831,,2298,,19116964,,98,7831
14,9,2015,9/14/2015,201538,Monday,48.9,,9562.55,,4671.65,,7831,,3826,,36583653,,98,7831
15,9,2015,9/15/2015,201538,Tuesday,56.6,,10227.19,,5787.66,,7831,,4432,,45323138,,98,7831
16,9,2015,9/16/2015,201538,Wednesday,68.4,,10133.68,,6927.04,,7831,,5353,,54245657,,98,7831
17,9,2015,9/17/2015,201538,Thursday,64.8,,9756.86,,6320.08,,7831,,5073,,49492532,,98,7831
18,9,2015,9/18/2015,201538,Friday,42.2,,9139.46,,3857.16,,7831,,3305,,30205400,,98,7831
19,9,2015,9/19/2015,201538,Saturday,35.1,,8509.56,,2987.32,,7831,,2749,,23393740,,98,7831
20,9,2015,9/20/2015,201539,Sunday,39.3,,8153.94,,3206.61,,7831,,308,,25110936,,98,7831
21,9,2015,9/21/2015,201539,Monday,59.7,,10034.17,,5986.4,,7831,,4672,,46879525,,98,7831
22,9,2015,9/22/2015,201539,Tuesday,63.9,,10305.1,,6582.95,,7831,,5002,,51551070,,98,7831
23,9,2015,9/23/2015,201539,Wednesday,66.1,,11162.03,,7373.04,,7831,,5173,,57738279,,98,7831
24,9,2015,9/24/2015,201539,Thursday,79.2,,10138.91,,8032.78,,7831,,6204,,62904675,,98,7831
25,9,2015,9/25/2015,201539,Friday,72.7,,8922.17,,6486.85,,7831,,5694,,50798503,,98,7831
26,9,2015,9/26/2015,201539,Saturday,56.7,,8575.85,,4858.63,,7831,,4437,,38047939,,98,7831
27,9,2015,9/27/2015,201540,Sunday,36.5,,9103.37,,3323.85,,7831,,2859,,26029069,,98,7831
28,9,2015,9/28/2015,201540,Monday,51.7,,10545.63,,5455.37,,7831,,4051,,42720988,,98,7831
29,9,2015,9/29/2015,201540,Tuesday,61,,10279.61,,6270.87,,7831,,4777,,49107193,,98,7831
30,9,2015,9/30/2015,201540,Wednesday,66.5,,9902.89,,6585.64,,7831,,5208,,51572158,,98,7831
1,10,2015,10/1/2015,201540,Thursday,66.5,,10332.91,,6871.53,,7831,,5208,,53810930,,98,7831
2,10,2015,10/2/2015,201540,Friday,61.7,,9083.08,,5606.82,,7831,,4834,,43907046,,98,7831
3,10,2015,10/3/2015,201540,Saturday,53.5,,8667.72,,4634.8,,7831,,4187,,36295135,,98,7831
4,10,2015,10/4/2015,201541,Sunday,39.4,,9797.33,,3861.19,,7831,,3086,,30236954,,98,7831
5,10,2015,10/5/2015,201541,Monday,55.7,,10646.29,,5933.13,,7831,,4364,,46462367,,98,7831
6,10,2015,10/6/2015,201541,Tuesday,68.7,,10579.18,,7267.31,,7831,,5379,,56910287,,98,7831
7,10,2015,10/7/2015,201541,Wednesday,70.9,,10927.61,,7746.31,,7831,,5551,,60661357,,98,7831
8,10,2015,10/8/2015,201541,Thursday,77.4,,10289.89,,7964.6,,7831,,6061,,62370793,,98,7831
9,10,2015,10/9/2015,201541,Friday,76.2,,9355.91,,7133.05,,7831,,597,,55858942,,98,7831
10,10,2015,10/10/2015,201541,Saturday,49.2,,8998.12,,4428.41,,7831,,3854,,34678909,,98,7831
11,10,2015,10/11/2015,201542,Sunday,46.1,,9563.76,,4404.52,,7831,,3607,,34491815,,98,7831
12,10,2015,10/12/2015,201542,Monday,50.1,,10438.91,,5225.03,,7831,,392,,40917196,,98,7831
13,10,2015,10/13/2015,201542,Tuesday,69.5,,10782.18,,7490.21,,7831,,544,,58655845,,98,7831
14,10,2015,10/14/2015,201542,Wednesday,71.8,,10633.9,,7634.13,,7831,,5622,,59782904,,98,7831
15,10,2015,10/15/2015,201542,Thursday,58.1,,10859.15,,6303.91,,7831,,4546,,49365955,,98,7831
16,10,2015,10/16/2015,201542,Friday,48.1,,8585.87,,4125.84,,7831,,3763,,32309459,,98,7831
17,10,2015,10/17/2015,201542,Saturday,39.8,,7831.25,,3116.65,,7831,,3117,,24406480,,98,7831
18,10,2015,10/18/2015,201543,Sunday,28.2,,9078.02,,2558.85,,7831,,2207,,20038345,,98,7831
19,10,2015,10/19/2015,201543,Monday,47.7,,11278.03,,5375.88,,7831,,3733,,42098523,,98,7831
20,10,2015,10/20/2015,201543,Tuesday,54.9,,10563.19,,5798.25,,7831,,4299,,45406070,,98,7831
21,10,2015,10/21/2015,201543,Wednesday,62.6,,10938.04,,6843.57,,7831,,49,,53592024,,98,7831
22,10,2015,10/22/2015,201543,Thursday,49.9,,11286.2,,5634.57,,7831,,391,,44124317,,98,7831
23,10,2015,10/23/2015,201543,Friday,38.4,,9015.42,,3465.8,,7831,,301,,27140715,,98,7831
24,10,2015,10/24/2015,201543,Saturday,39.5,,9545.05,,3767.92,,7831,,3091,,29506575,,98,7831
25,10,2015,10/25/2015,201544,Sunday,52.4,,8288.33,,4346.4,,7831,,4107,,34036628,,98,7831
26,10,2015,10/26/2015,201544,Monday,67.9,,8568.34,,5814.12,,7831,,5314,,45530412,,98,7831
27,10,2015,10/27/2015,201544,Tuesday,75.7,,9196.88,,6964.34,,7831,,593,,54537785,,98,7831
28,10,2015,10/28/2015,201544,Wednesday,73.4,,9340.22,,6856.01,,7831,,5748,,53689397,,98,7831
29,10,2015,10/29/2015,201544,Thursday,64,,9274.9,,5934.62,,7831,,5011,,46473989,,98,7831
30,10,2015,10/30/2015,201544,Friday,51.1,,8079.08,,4127.23,,7831,,4001,,32320348,,98,7831
31,10,2015,10/31/2015,201544,Saturday,37.9,-22.8,7819.04,-32.8,2965.53,-48.1,7831,7.5,297,-17,23223072,-44.3,98,7831
1,11,2015,11/1/2015,201545,Sunday,26.7,-8.4,10294.22,-3.4,2749.15,-11.5,7831,7.5,2091,-1.5,21528568,-4.9,98,7831
2,11,2015,11/2/2015,201545,Monday,46.3,12.6,10510.52,-14,4869.9,-3.2,7831,7.5,3628,21,38136183,4.1,98,7831
3,11,2015,11/3/2015,201545,Tuesday,59.3,18.9,10718.59,-2,6356.11,16.4,7831,7.5,4644,27.8,49774666,25.2,98,7831
4,11,2015,11/4/2015,201545,Wednesday,60.4,-1.3,10653.96,-13.2,6438.18,-14.3,7831,7.5,4732,6.1,50417386,-7.9,98,7831
5,11,2015,11/5/2015,201545,Thursday,55.3,-25.5,10267.11,-2.4,5679.23,-27.3,7831,7.5,4332,-19.9,44474039,-21.8,98,7831
6,11,2015,11/6/2015,201545,Friday,43.2,1.6,8408.43,-12.9,3635.86,-11.5,7831,7.5,3386,9.2,28472449,-4.9,98,7831
7,11,2015,11/7/2015,201545,Saturday,41.9,42.3,7675.19,-20.6,3218.37,12.9,7831,7.5,3284,52.9,25203081,21.4,98,7831
8,11,2015,11/8/2015,201546,Sunday,26.1,-37.2,9313.07,-22.5,2431.73,-51.4,7831,7.5,2045,-32.5,19042895,-47.7,98,7831
9,11,2015,11/9/2015,201546,Monday,41.9,-15.8,10311.77,-12.2,4323.95,-26.1,7831,7.5,3284,-9.5,33860856,-20.5,98,7831
10,11,2015,11/10/2015,201546,Tuesday,38.9,-37.2,10003.89,-1.7,3891.39,-38.2,7831,7.5,3046,-32.4,30473486,-33.6,98,7831
11,11,2015,11/11/2015,201546,Wednesday,47.8,-17.6,10500.25,0.1,5015.03,-17.5,7831,7.5,374,-11.4,39272705,-11.3,98,7831
12,11,2015,11/12/2015,201546,Thursday,52.3,-37.7,10563.66,6,5529.11,-34,7831,7.5,4099,-33.1,43298453,-29,98,7831
13,11,2015,11/13/2015,201546,Friday,46.3,-44,8908.97,4.9,4122.55,-41.3,7831,7.5,3624,-39.8,32283652,-36.9,98,7831
14,11,2015,11/14/2015,201546,Saturday,38.1,-47.9,8333.64,4.6,3177.25,-45.5,7831,7.5,2986,-44,24881033,-41.4,98,7831
15,11,2015,11/15/2015,201547,Sunday,30.3,-13.6,9957.48,-1.7,3014.57,-15,7831,7.5,2371,-7.1,23607101,-8.7,98,7831
16,11,2015,11/16/2015,201547,Monday,47.2,-34.9,11126.33,0,5254.49,-34.9,7831,7.5,3698,-30.1,41147910,-30.1,98,7831
17,11,2015,11/17/2015,201547,Tuesday,53.1,-36,10891.97,-1,5785.17,-36.6,7831,7.5,4159,-31.2,45303668,-31.9,98,7831
18,11,2015,11/18/2015,201547,Wednesday,57.3,-30.7,11030.66,-1.9,6318.09,-32,7831,7.5,4485,-25.5,49476983,-26.9,98,7831
19,11,2015,11/19/2015,201547,Thursday,55.7,-29.8,10272.99,-8.4,5719.14,-35.7,7831,7.5,436,-24.6,44786596,-30.9,98,7831
20,11,2015,11/20/2015,201547,Friday,42.3,-37.5,8725.4,-19,3689.89,-49.4,7831,7.5,3312,-32.8,28895508,-45.6,98,7831
21,11,2015,11/21/2015,201547,Saturday,36.2,36.9,7962.57,-15.2,2879.49,16.1,7831,7.5,2832,47.1,22549254,24.7,98,7831
22,11,2015,11/22/2015,201548,Sunday,33.8,21.6,8912.77,-14.2,3016.36,4.3,7831,7.5,265,30.7,23621108,12.1,98,7831
23,11,2015,11/23/2015,201548,Monday,50.6,-24.8,10867.47,-1.5,5500.68,-26,7831,7.5,3964,-19.2,43075809,-20.4,98,7831
24,11,2015,11/24/2015,201548,Tuesday,59.9,-33.6,10796.6,-3.8,6466.58,-36.1,7831,7.5,469,-28.6,50639815,-31.4,98,7831
25,11,2015,11/25/2015,201548,Wednesday,60.5,-17.7,10482.75,-6.9,6347.19,-23.4,7831,7.5,4742,-11.5,49704813,-17.7,98,7831
26,11,2015,11/26/2015,201548,Thursday,55.1,-25.1,9885.49,-8.6,5444.62,-31.6,7831,7.5,4313,-19.5,42636794,-26.4,98,7831
27,11,2015,11/27/2015,201548,Friday,38.2,17.4,9411.8,-6.1,3593.9,10.2,7831,7.5,299,26.2,28143822,18.4,98,7831
28,11,2015,11/28/2015,201548,Saturday,29.9,52.3,9011.55,-15.2,2696.04,29.1,7831,7.5,2343,63.7,21112666,38.7,98,7831
29,11,2015,11/29/2015,201549,Sunday,25.8,17.4,8913.04,-9.5,2295.47,6.3,7831,7.5,2017,26.2,17975838,14.2,98,7831
30,11,2015,11/30/2015,201549,Monday,52.3,35.7,11595.7,-1,6062.39,34.3,7831,4.1,4094,41.3,47474604,39.8,98,7831
1,12,2015,12/1/2015,201549,Tuesday,65.3,27.6,11850.74,-6.7,7735.27,19.1,7831,4.1,5111,32.8,60574902,23.9,98,7831
2,12,2015,12/2/2015,201549,Wednesday,79.3,29.2,12089.05,5,9582.75,35.6,7831,4.1,6207,34.5,75042516,41.1,98,7831
3,12,2015,12/3/2015,201549,Thursday,72,40.8,11747.51,2.5,8461.61,44.3,7831,4.1,5641,46.5,66262879,50.3,98,7831
4,12,2015,12/4/2015,201549,Friday,56.5,29.6,9795.61,-3.1,5536.99,25.6,7831,4.1,4426,34.9,43360173,30.7,98,7831
5,12,2015,12/5/2015,201549,Saturday,27.7,16.6,9198.18,-17.6,2552.48,-3.9,7831,4.1,2173,21.4,19988468,0,98,7831
6,12,2015,12/6/2015,201550,Sunday,24,-1.8,10451.99,1,2509.49,-0.8,7831,4.1,188,2.2,19651787,3.2,98,7831
7,12,2015,12/7/2015,201550,Monday,46.3,-15.2,11328.76,-2.9,5248.64,-17.7,7831,4.1,3628,-11.8,41102078,-14.3,98,7831
8,12,2015,12/8/2015,201550,Tuesday,46.3,-23.8,11085,-2.7,5135.7,-25.9,7831,4.1,3628,-20.7,40217664,-22.8,98,7831
9,12,2015,12/9/2015,201550,Wednesday,54.8,-15.6,9992.59,-11.2,5479.55,-25,7831,4.1,4294,-12.1,42910329,-22,98,7831
10,12,2015,12/10/2015,201550,Thursday,59.1,-11.1,10259.62,-12.8,6059.22,-22.5,7831,4.1,4625,-7.5,47449760,-19.3,98,7831
11,12,2015,12/11/2015,201550,Friday,46.9,1.7,9361.83,-14.1,4388.18,-12.6,7831,4.1,3671,5.9,34363849,-9,98,7831
12,12,2015,12/12/2015,201550,Saturday,30.7,-24.9,9693.07,5.2,2976.34,-21,7831,4.1,2405,-21.8,23307689,-17.8,98,7831
13,12,2015,12/13/2015,201551,Sunday,23.2,-51.2,9650.73,-16.8,2241.42,-59.4,7831,4.1,1819,-49.2,17552586,-57.7,98,7831
14,12,2015,12/14/2015,201551,Monday,43.3,-38.7,10508.59,-21.4,4551.68,-51.9,7831,4.1,3392,-36.2,35644215,-49.9,98,7831
15,12,2015,12/15/2015,201551,Tuesday,54.3,-25.2,10409.01,-21.8,5651.38,-41.5,7831,4.1,4252,-22.1,44255960,-39.1,98,7831
16,12,2015,12/16/2015,201551,Wednesday,44,-28.3,10245.6,-7.1,4505.76,-33.4,7831,4.1,3444,-25.4,35284577,-30.7,98,7831
17,12,2015,12/17/2015,201551,Thursday,37.9,9.2,9986.71,-21,3789.45,-13.8,7831,4.1,2971,13.7,29675155,-10.2,98,7831
18,12,2015,12/18/2015,201551,Friday,28.6,30,8878.95,-13.9,2538.88,11.9,7831,4.1,2239,35.3,19882002,16.5,98,7831
19,12,2015,12/19/2015,201551,Saturday,19.6,-15.6,9540.1,10.6,1870.42,-6.6,7831,4.1,1535,-12.1,14647255,-2.8,98,7831
20,12,2015,12/20/2015,201552,Sunday,15.6,-4.2,10054.21,3.8,1564.84,-0.5,7831,4.1,1219,-0.2,12254277,3.6,98,7831
21,12,2015,12/21/2015,201552,Monday,33.8,53.6,9237.81,-15.8,3120.75,29.4,7831,4.1,2646,59.9,24438632,34.7,98,7831
22,12,2015,12/22/2015,201552,Tuesday,27.9,132.9,9966.64,-10.8,2783.77,107.7,7831,4.1,2187,142.5,21799670,116.2,98,7831
23,12,2015,12/23/2015,201552,Wednesday,23,65.6,8641.28,-6.1,1986.12,55.4,7831,4.1,18,72.4,15553321,61.8,98,7831
24,12,2015,12/24/2015,201552,Thursday,24.7,100,8700.84,-27.6,2152.03,44.8,7831,4.1,1937,108.2,16852519,50.7,98,7831
25,12,2015,12/25/2015,201552,Friday,25.1,78.4,8178.79,-17.7,2052.51,46.8,7831,4.1,1965,85.7,16073192,52.8,98,7831
26,12,2015,12/26/2015,201552,Saturday,32,66.3,8447.18,-13.7,2705.88,43.5,7831,4.1,2509,73.2,21189784,49.4,98,7831
27,12,2015,12/27/2015,201553,Sunday,19,-8.5,9188.74,3.1,1746.1,-5.7,7831,4.1,1488,-4.8,13673709,-1.8,98,7831
28,12,2015,12/28/2015,201553,Monday,33.5,,8303.47,,2785.08,,7831,,2627,,21809941,,98,7831
29,12,2015,12/29/2015,201553,Tuesday,29.9,-50.8,10146.61,-3.4,3029.9,-52.5,7831,4.1,2338,-48.8,23727181,-50.5,98,7831
30,12,2015,12/30/2015,201553,Wednesday,66.2,-16.8,10711.07,-0.4,7094.76,-17.1,7831,4.1,5187,-13.4,55559090,-13.7,98,7831
31,12,2015,12/31/2015,201553,Thursday,94.2,33.6,11466.62,-1.7,10804.86,31.3,7831,4.1,7379,39.1,84612892,36.7,98,7831
1,1,2016,1/1/2016,201553,Friday,87.1,256.6,8589.6,-3.5,7481.56,244.3,7826,4,6816,271.1,58550701,258.2,98,7826
2,1,2016,1/2/2016,201553,Saturday,43.5,73.7,7255.3,-7,3157.47,61.6,7826,4,3406,80.7,24710356,68.1,98,7826
3,1,2016,1/3/2016,201601,Sunday,33.9,97.9,6158.67,-29.8,2088.39,38.9,7826,4,2654,105.9,16343713,44.5,98,7826
4,1,2016,1/4/2016,201601,Monday,28.8,134.3,6986.31,-20.9,2014.11,85.3,7826,4,2256,143.8,15762424,92.8,98,7826
5,1,2016,1/5/2016,201601,Tuesday,18,75.4,7685.74,-19.2,1386.64,41.8,7826,4,1412,82.5,10851865,47.5,98,7826
6,1,2016,1/6/2016,201601,Wednesday,9.2,-38.8,7331.25,-4.1,674.96,-41.3,7826,4,721,-36.3,5282237,-38.9,98,7826
7,1,2016,1/7/2016,201601,Thursday,14.3,-7.7,7572.18,-19.3,1082.71,-25.5,7826,4,1119,-4,8473290,-22.5,98,7826
8,1,2016,1/8/2016,201601,Friday,26.9,45.4,7535.58,-3.6,2027.05,40.2,7826,4,2105,51.3,15863711,45.9,98,7826
9,1,2016,1/9/2016,201601,Saturday,31.7,-7.4,7590.37,-16.1,2408.77,-22.3,7826,4,2484,-3.6,18851013,-19.2,98,7826
10,1,2016,1/10/2016,201602,Sunday,34,92.5,8350.83,-12.1,2841.5,69.2,7826,4,2663,100.3,22237606,76.1,98,7826
11,1,2016,1/11/2016,201602,Monday,44.3,58.8,8914.12,-17.3,3947.56,31.3,7826,4,3466,65.2,30893572,36.7,98,7826
12,1,2016,1/12/2016,201602,Tuesday,48.2,27.6,9008.16,-16.5,4345.96,6.5,7826,4,3776,32.7,34011489,10.8,98,7826
13,1,2016,1/13/2016,201602,Wednesday,46.5,9.3,9085.43,-14.2,4224.36,-6.2,7826,4,3639,13.7,33059813,-2.4,98,7826
14,1,2016,1/14/2016,201602,Thursday,45.3,16.6,9044.19,-10.4,4093.54,4.5,7826,4,3542,21.3,32036052,8.7,98,7826
15,1,2016,1/15/2016,201602,Friday,42.3,112.8,8067.27,-19.2,3410.71,71.9,7826,4,3309,121.4,26692225,78.8,98,7826
16,1,2016,1/16/2016,201602,Saturday,39.7,182.6,8208.69,-15.8,3255.18,137.9,7826,4,3103,194,25475020,147.5,98,7826
17,1,2016,1/17/2016,201603,Sunday,37.7,135.1,8583.64,-13.6,3236.1,103,7826,4,295,144.6,25325745,111.2,98,7826
18,1,2016,1/18/2016,201603,Monday,54.9,79.9,9326.13,-16.8,5122.94,49.6,7826,4,4299,87.2,40092140,55.7,98,7826
19,1,2016,1/19/2016,201603,Tuesday,62.3,90,9307.98,-20.9,5802.36,50.2,7826,4,4879,97.7,45409251,56.3,98,7826
20,1,2016,1/20/2016,201603,Wednesday,62.3,58.4,9520.28,-19.4,5934.71,27.7,7826,4,4879,64.8,46445003,32.8,98,7826
21,1,2016,1/21/2016,201603,Thursday,65.2,100.5,9650.8,-11.5,6294.03,77.4,7826,4,5104,108.6,49257115,84.6,98,7826
22,1,2016,1/22/2016,201603,Friday,51.8,141.1,8690.92,-19,4505.81,95.2,7826,4,4057,150.8,35262475,103.1,98,7826
23,1,2016,1/23/2016,201603,Saturday,41.5,174.4,8812.22,-13.6,3657.68,137.1,7826,4,3248,185.5,28624999,146.7,98,7826
24,1,2016,1/24/2016,201604,Sunday,23.9,12.4,10622.13,-9.9,2534.99,1.2,7826,4,1868,16.9,19838831,5.3,98,7826
25,1,2016,1/25/2016,201604,Monday,41.7,2.3,11117.8,-1.8,4631.81,0.4,7826,4,326,6.4,36248513,4.5,98,7826
26,1,2016,1/26/2016,201604,Tuesday,47.8,19.6,11474.96,-1.4,5488.84,17.9,7826,4,3743,24.4,42955688,22.7,98,7826
27,1,2016,1/27/2016,201604,Wednesday,49,9.1,10779.78,-5.5,5283.84,3.1,7826,4,3836,13.5,41351308,7.3,98,7826
28,1,2016,1/28/2016,201604,Thursday,46.7,22.9,10846.69,0,5065.59,22.9,7826,4,3655,27.9,39643279,27.9,98,7826
29,1,2016,1/29/2016,201604,Friday,41.6,67.1,8970.23,-2.8,3727.88,62.4,7826,4,3252,73.8,29174362,68.9,98,7826
30,1,2016,1/30/2016,201604,Saturday,37.2,128.3,8475.48,-6.6,3156.09,113.2,7826,4,2914,137.5,24699574,121.8,98,7826
31,1,2016,1/31/2016,201605,Sunday,32.1,129.9,8832.26,-18.2,2839.22,88.2,7826,4,2516,139.2,22219712,95.8,98,7826
1,2,2016,2/1/2016,201605,Monday,45.1,85,10058.95,-17.7,4533.69,52.2,7556,0.5,3406,85.8,34257169,52.9,98,7556
2,2,2016,2/2/2016,201605,Tuesday,54.2,66.2,9792.32,-11.5,5304.27,47.1,7556,0.5,4093,66.9,40079770,47.8,98,7556
3,2,2016,2/3/2016,201605,Wednesday,59.8,59.9,9586.85,-11.5,5734.93,41.5,7556,0.5,452,60.7,43333906,42.1,98,7556
4,2,2016,2/4/2016,201605,Thursday,58,68.1,9473.12,-12.9,5491.63,46.5,7556,0.5,438,68.9,41495522,47.1,98,7556
5,2,2016,2/5/2016,201605,Friday,41.5,77.3,8774.01,-7.3,3643.42,64.5,7556,0.5,3138,78.1,27530152,65.2,98,7556
6,2,2016,2/6/2016,201605,Saturday,38.9,97.8,8293.15,-14,3222.11,70.1,7556,0.5,2936,98.7,24346729,70.9,98,7556
7,2,2016,2/7/2016,201606,Sunday,34.9,115.2,9276.65,-10.4,3237.13,92.9,7556,0.5,2637,116.2,24460205,93.8,98,7556
8,2,2016,2/8/2016,201606,Monday,54.2,38.2,10273.26,-11.9,5564.78,21.7,7556,0.5,4093,38.8,42048269,22.2,98,7556
9,2,2016,2/9/2016,201606,Tuesday,54.5,27.9,10090.06,-14,5501.84,9.9,7556,0.5,412,28.5,41572697,10.4,98,7556
10,2,2016,2/10/2016,201606,Wednesday,51.4,17.6,10207.61,-13.2,5251.18,2,7556,0.5,3887,18.1,39678664,2.5,98,7556
11,2,2016,2/11/2016,201606,Thursday,45.1,16.2,9597.13,-16.1,4325.54,-2.5,7556,0.5,3406,16.8,32684369,-2.1,98,7556
12,2,2016,2/12/2016,201606,Friday,35.9,21.2,8949.32,-8.5,3210.29,10.9,7556,0.5,2711,21.8,24257406,11.4,98,7556
13,2,2016,2/13/2016,201606,Saturday,30.5,37.9,9122.07,7.4,2784.7,48.1,7556,0.5,2307,38.6,21041600,48.8,98,7556
14,2,2016,2/14/2016,201607,Sunday,19,7.6,8750.88,-1.6,1664.21,5.9,7556,0.5,1437,8.1,12574979,6.4,98,7556
15,2,2016,2/15/2016,201607,Monday,16.8,-24.4,9162.19,-7.7,1539.74,-30.2,7556,0.5,127,-24,11634457,-29.9,98,7556
16,2,2016,2/16/2016,201607,Tuesday,35.5,-12.7,10224.48,-7.3,3630.93,-19,7556,0.5,2683,-12.3,27435844,-18.7,98,7556
17,2,2016,2/17/2016,201607,Wednesday,65.4,4.6,9140.81,-11.9,5980.15,-7.8,7556,0.5,4943,5.1,45186837,-7.4,98,7556
18,2,2016,2/18/2016,201607,Thursday,70.5,13.3,8409.03,-18.6,5924.92,-7.8,7556,0.5,5324,13.8,44769505,-7.4,98,7556
19,2,2016,2/19/2016,201607,Friday,55.1,46.1,8068.31,-14.6,4449.2,24.8,7556,0.5,4167,46.8,33618736,25.4,98,7556
20,2,2016,2/20/2016,201607,Saturday,42.7,30,8217.63,-2,3509.51,27.4,7556,0.5,3227,30.6,26518363,28,98,7556
21,2,2016,2/21/2016,201608,Sunday,24.5,-29.6,9776.04,3.8,2391.49,-26.9,7556,0.5,1848,-29.3,18070454,-26.6,98,7556
22,2,2016,2/22/2016,201608,Monday,52.4,16.4,10308.04,-6.7,5404.78,8.6,7556,0.5,3962,17,40839288,9.1,98,7556
23,2,2016,2/23/2016,201608,Tuesday,71.1,20.2,9636.15,-18.7,6853.92,-2.3,7556,0.5,5374,20.7,51789147,-1.9,98,7556
24,2,2016,2/24/2016,201608,Wednesday,82.1,30.7,9554.76,-6.8,7841.94,21.9,7556,0.5,6202,31.3,59254809,22.4,98,7556
25,2,2016,2/25/2016,201608,Thursday,82.2,48.4,9186.94,-16.3,7554.23,24.2,7556,0.5,6213,49.1,57080776,24.8,98,7556
26,2,2016,2/26/2016,201608,Friday,59.1,62.5,8463.84,-2.9,5002.24,57.7,7556,0.5,4466,63.2,37797634,58.4,98,7556
27,2,2016,2/27/2016,201608,Saturday,52.3,71.6,7759.59,-15.3,4055.64,45.5,7556,0.5,3949,72.4,30644952,46.1,98,7556
28,2,2016,2/28/2016,201609,Sunday,42.3,57.2,8556.39,-15.7,3619.01,32.5,7556,0.5,3196,57.9,27345720,33.1,98,7556
29,2,2016,2/29/2016,201609,Monday,45.3,31,10136.34,-8,4594.61,20.5,7556,0.5,3425,31.6,34717544,21.1,98,7556
1,3,2016,3/1/2016,201609,Tuesday,50.5,41.6,10580.83,-8.7,5340.72,29.3,7826,4,395,47.3,41796447,34.6,98,7826
2,3,2016,3/2/2016,201609,Wednesday,52.9,19.1,10566.48,-11.1,5584.79,5.9,7826,4,4136,23.9,43706545,10.2,98,7826
3,3,2016,3/3/2016,201609,Thursday,44.7,-11.5,10730.25,-1.4,4797.96,-12.7,7826,4,3499,-7.9,37548814,-9.2,98,7826
4,3,2016,3/4/2016,201609,Friday,40.3,2.3,9218.15,-3.2,3712.57,-1,7826,4,3152,6.5,29054596,3,98,7826
5,3,2016,3/5/2016,201609,Saturday,37.1,31.4,9318.42,2.5,3452.52,34.7,7826,4,29,36.7,27019431,40.1,98,7826
6,3,2016,3/6/2016,201610,Sunday,32.2,21.4,9634.68,-6.2,3101.21,13.9,7826,4,2519,26.3,24270044,18.5,98,7826
7,3,2016,3/7/2016,201610,Monday,46.4,-5.6,10604.96,-8.7,4921.3,-13.7,7826,4,3632,-1.7,38514092,-10.3,98,7826
8,3,2016,3/8/2016,201610,Tuesday,48.4,-11.4,10972.52,-2.9,5312.24,-13.9,7826,4,3789,-7.8,41573612,-10.5,98,7826
9,3,2016,3/9/2016,201610,Wednesday,53.8,4.2,9987.38,-13.1,5368.45,-9.4,7826,4,4207,8.5,42013472,-5.8,98,7826
10,3,2016,3/10/2016,201610,Thursday,48.5,-14.1,9569.21,-3,4637.9,-16.7,7826,4,3793,-10.6,36296235,-13.3,98,7826
11,3,2016,3/11/2016,201610,Friday,49,19.7,8258.02,-5.6,4050.42,13,7826,4,3839,24.5,31698593,17.5,98,7826
12,3,2016,3/12/2016,201610,Saturday,38.2,9.7,7870.45,-4.2,3007.56,5,7826,4,2991,14.1,23537155,9.3,98,7826
13,3,2016,3/13/2016,201611,Sunday,28.6,5,8192.35,-10.7,2342.51,-6.3,7826,4,2238,9.2,18332498,-2.5,98,7826
14,3,2016,3/14/2016,201611,Monday,44.3,-17.6,9737.23,-4.9,4312.77,-21.6,7826,4,3466,-14.3,33751702,-18.5,98,7826
15,3,2016,3/15/2016,201611,Tuesday,57.1,8.4,9820.32,-11.2,5610.84,-3.8,7826,4,4471,12.8,43910399,0.1,98,7826
16,3,2016,3/16/2016,201611,Wednesday,64.3,33.7,9817.18,-10,6309.52,20.3,7826,4,503,39.1,49378323,25.2,98,7826
17,3,2016,3/17/2016,201611,Thursday,61.4,35.3,9121.94,-12.1,5597.52,19,7826,4,4802,40.8,43806182,23.8,98,7826
18,3,2016,3/18/2016,201611,Friday,53.5,50.9,8468.71,-8.4,4534.22,38.3,7826,4,419,57,35484831,43.9,98,7826
19,3,2016,3/19/2016,201611,Saturday,55,91.6,7645.88,-8.6,4202.78,75.1,7826,4,4302,99.3,32890982,82.2,98,7826
20,3,2016,3/20/2016,201612,Sunday,38,47.4,8923.92,-9.5,3391.26,33.4,7826,4,2974,53.4,26539982,38.7,98,7826
21,3,2016,3/21/2016,201612,Monday,51.3,-3.2,9888.71,-9.4,5074.99,-12.3,7826,4,4016,0.7,39716854,-8.7,98,7826
22,3,2016,3/22/2016,201612,Tuesday,54.7,-17,10270.6,-3.8,5612.97,-20.2,7826,4,4277,-13.7,43927094,-17,98,7826
23,3,2016,3/23/2016,201612,Wednesday,44.6,-41.7,9965.53,-10.3,4445.49,-47.6,7826,4,3491,-39.3,34790370,-45.5,98,7826
24,3,2016,3/24/2016,201612,Thursday,37.7,-44.2,9014.62,-17.9,3401.9,-54.2,7826,4,2953,-42,26623286,-52.4,98,7826
25,3,2016,3/25/2016,201612,Friday,41.1,24.4,8164.11,-13.9,3357.1,7.1,7826,4,3218,29.4,26272697,11.4,98,7826
26,3,2016,3/26/2016,201612,Saturday,38.6,34.3,7764.49,-11.8,2999.9,18.5,7826,4,3024,39.7,23477218,23.3,98,7826
27,3,2016,3/27/2016,201613,Sunday,29.9,-3,8450.42,-8.6,2523.5,-11.4,7826,4,2337,0.9,19748898,-7.8,98,7826
28,3,2016,3/28/2016,201613,Monday,35.4,-28.6,9181.17,-17,3252.48,-40.7,7826,4,2772,-25.7,25453903,-38.3,98,7826
29,3,2016,3/29/2016,201613,Tuesday,47.6,-18.6,9481.5,-10.3,4515.21,-27,7826,4,3727,-15.3,35336026,-24.1,98,7826
30,3,2016,3/30/2016,201613,Wednesday,63.8,50,9246.32,-12.8,5903.54,30.9,7826,4,4997,56.1,46201072,36.2,98,7826
31,3,2016,3/31/2016,201613,Thursday,54.5,51.5,9272.5,-16.9,5057.7,25.9,7826,4,4269,57.6,39581555,31,98,7826
1,4,2016,4/1/2016,201613,Friday,39.9,11.2,8337.95,-4.9,3324.21,5.8,7826,4,312,15.7,26015286,10.1,98,7826
2,4,2016,4/2/2016,201613,Saturday,28.3,-7.2,8022.57,-19.2,2271.93,-25,7826,4,2216,-3.5,17780149,-22,98,7826
3,4,2016,4/3/2016,201614,Sunday,28.3,35.2,9024.54,-6.8,2555.68,26,7826,4,2216,40.6,20000782,31.1,98,7826
4,4,2016,4/4/2016,201614,Monday,45.8,109.7,9863.98,0.4,4520.43,110.6,7826,4,3586,118.2,35376907,119.2,98,7826
5,4,2016,4/5/2016,201614,Tuesday,51.8,52.5,9691.37,-15.9,5018.85,28.2,7826,4,4053,58.6,39277558,33.4,98,7826
6,4,2016,4/6/2016,201614,Wednesday,52.8,16.8,9720.12,-4.5,5136.27,11.5,7826,4,4135,21.5,40196412,16,98,7826
7,4,2016,4/7/2016,201614,Thursday,51.2,12.8,9507.09,17.5,4863.26,32.5,7826,4,4003,17.4,38059842,37.9,98,7826
8,4,2016,4/8/2016,201614,Friday,52.9,44.6,8496.08,1.8,4493.94,47.1,7826,4,414,50.4,35169582,53.1,98,7826
9,4,2016,4/9/2016,201614,Saturday,42.5,14.3,7436.41,4.5,3159.03,19.5,7826,4,3325,19,24722580,24.3,98,7826
10,4,2016,4/10/2016,201615,Sunday,28.6,25.4,9439.26,25.2,2703,57,7826,4,2241,30.5,21153668,63.4,98,7826
11,4,2016,4/11/2016,201615,Monday,47.7,68.5,10501.95,-0.5,5012.18,67.6,7826,4,3735,75.4,39225290,74.4,98,7826
12,4,2016,4/12/2016,201615,Tuesday,57,14.8,10161,-7.3,5787.19,6.4,7826,4,4457,19.5,45290584,10.7,98,7826
13,4,2016,4/13/2016,201615,Wednesday,64.7,-4,10670.7,-5.9,6899.13,-9.7,7826,4,506,-0.1,53992583,-6,98,7826
14,4,2016,4/14/2016,201615,Thursday,63.2,-9.5,9640.18,-12.6,6093.43,-20.9,7826,4,4947,-5.8,47687196,-17.7,98,7826
15,4,2016,4/15/2016,201615,Friday,60,9.4,8041.23,-17.6,4821.6,-9.9,7826,4,4693,13.8,37733817,-6.2,98,7826
16,4,2016,4/16/2016,201615,Saturday,52.8,0.9,8139.95,-12.3,4301.28,-11.6,7826,4,4135,5,33661785,-8,98,7826
17,4,2016,4/17/2016,201616,Sunday,36.7,-28.7,9687.57,-12.9,3555.76,-37.9,7826,4,2872,-25.8,27827342,-35.4,98,7826
18,4,2016,4/18/2016,201616,Monday,57.1,-24.9,10052.96,-18.1,5741.56,-38.5,7826,4,447,-21.8,44933472,-36,98,7826
19,4,2016,4/19/2016,201616,Tuesday,73.7,-19.1,9902.92,-17.3,7300.94,-33.1,7826,4,577,-15.8,57137121,-30.4,98,7826
20,4,2016,4/20/2016,201616,Wednesday,81.2,-7.3,10518.16,-13.4,8542.17,-19.7,7826,4,6356,-3.6,66851039,-16.5,98,7826
21,4,2016,4/21/2016,201616,Thursday,79.2,-2.6,10644.8,-9,8431.71,-11.4,7826,4,6199,1.3,65986533,-7.8,98,7826
22,4,2016,4/22/2016,201616,Friday,65.3,-7.9,9667.41,-7.6,6316.69,-14.9,7826,4,5114,-4.2,49434395,-11.5,98,7826
23,4,2016,4/23/2016,201616,Saturday,54.7,11.9,8983.99,-8.6,4913.1,2.3,7826,4,428,16.5,38449956,6.4,98,7826
24,4,2016,4/24/2016,201617,Sunday,34.7,-14.5,9600.48,-9.2,3331.4,-22.4,7826,4,2716,-11.1,26071542,-19.3,98,7826
25,4,2016,4/25/2016,201617,Monday,62.5,19.1,10693.61,-10.5,6682.68,6.6,7826,4,4891,23.9,52298658,10.9,98,7826
26,4,2016,4/26/2016,201617,Tuesday,62.1,5.9,10509.5,-12.6,6528.83,-7.5,7826,4,4862,10.1,51094622,-3.8,98,7826
27,4,2016,4/27/2016,201617,Wednesday,54.2,6.8,10342.38,-11.3,5606.88,-5.2,7826,4,4243,11.2,43879466,-1.4,98,7826
28,4,2016,4/28/2016,201617,Thursday,30,-4.9,9850.54,-3,2950.64,-7.8,7826,4,2344,-1.1,23091721,-4,98,7826
29,4,2016,4/29/2016,201617,Friday,32.3,-16.5,8615.85,-4.1,2780.72,-19.9,7826,3,2526,-13.9,21761924,-17.4,98,7826
30,4,2016,4/30/2016,201617,Saturday,28.8,-19.8,8402.25,-1.2,2419.34,-20.8,7826,3,2253,-17.3,18933729,-18.4,98,7826
1,5,2016,5/1/2016,201618,Sunday,17,-38.2,7984.67,-12.4,1356.7,-45.8,7826,3,133,-36.3,10617533,-44.2,98,7826
2,5,2016,5/2/2016,201618,Monday,15.4,-61.1,10131.21,-3.4,1557.73,-62.5,7826,3.1,1203,-59.9,12190818,-61.3,98,7826
3,5,2016,5/3/2016,201618,Tuesday,28.6,-35.7,10423.76,0.9,2982.68,-35.1,7826,3.1,2239,-33.7,23342419,-33.1,98,7826
4,5,2016,5/4/2016,201618,Wednesday,38.4,-5.6,11197.5,-4,4295.45,-9.4,7826,3.1,3002,-2.7,33616162,-6.6,98,7826
5,5,2016,5/5/2016,201618,Thursday,40.9,-11.3,10211.55,-5.2,4172.7,-15.9,7826,3.1,3198,-8.6,32655536,-13.3,98,7826
6,5,2016,5/6/2016,201618,Friday,41.1,-34.5,8750.56,2.7,3593.94,-32.8,7826,3.1,3214,-32.5,28126205,-30.7,98,7826
7,5,2016,5/7/2016,201618,Saturday,42.2,-29.1,8889.6,7.7,3752.99,-23.6,7826,3.1,3304,-26.9,29370867,-21.3,98,7826
8,5,2016,5/8/2016,201619,Sunday,39.1,-2.1,8780.4,-8.3,3436.87,-10.2,7826,3.1,3063,0.9,26896966,-7.4,98,7826
9,5,2016,5/9/2016,201619,Monday,48.6,-18.7,11002.17,-9.5,5350.19,-26.4,7826,3.1,3806,-16.2,41870602,-24.2,98,7826
10,5,2016,5/10/2016,201619,Tuesday,58.9,-18.4,10684.95,-7.1,6293.04,-24.2,7826,3.1,4609,-15.9,49249306,-21.9,98,7826
11,5,2016,5/11/2016,201619,Wednesday,67.1,3.5,10234.01,-9.6,6864.89,-6.5,7826,3.1,525,6.7,53724662,-3.6,98,7826
12,5,2016,5/12/2016,201619,Thursday,63.1,3.1,9998.29,-3.4,6310.73,-0.4,7826,3.1,494,6.3,49387749,2.7,98,7826
13,5,2016,5/13/2016,201619,Friday,57,-12.2,8779.73,-1,5001.62,-13,7826,3.1,4458,-9.5,39142707,-10.4,98,7826
14,5,2016,5/14/2016,201619,Saturday,61.2,9.4,8377.92,2.4,5130.78,12.1,7826,3.1,4793,12.8,40153504,15.5,98,7826
15,5,2016,5/15/2016,201620,Sunday,48.6,-0.1,7929.42,-12.8,3851.83,-12.9,7826,3.1,3802,2.9,30144418,-10.3,98,7826
16,5,2016,5/16/2016,201620,Monday,57.6,-11.3,9479.18,-15.7,5459.37,-25.3,7826,3.1,4507,-8.6,42725020,-23,98,7826
17,5,2016,5/17/2016,201620,Tuesday,71.6,-2.9,9585.58,-16.5,6859.6,-18.9,7826,3.1,56,0.1,53683191,-16.4,98,7826
18,5,2016,5/18/2016,201620,Wednesday,82.9,21.6,10099.84,-9.7,8375.18,9.8,7826,3.1,649,25.3,65544162,13.1,98,7826
19,5,2016,5/19/2016,201620,Thursday,76.2,15.5,10065.94,-10.1,7670.28,3.9,7826,3.1,5963,19.1,60027625,7.1,98,7826
20,5,2016,5/20/2016,201620,Friday,60.1,-17,9488.62,-1.5,5707.14,-18.3,7826,3.1,4707,-14.4,44664071,-15.8,98,7826
21,5,2016,5/21/2016,201620,Saturday,49.2,-31.3,8421.62,-11.5,4143.59,-39.2,7826,3.1,3851,-29.2,32427743,-37.3,98,7826
22,5,2016,5/22/2016,201621,Sunday,39,-27,9497.39,-4.7,3702.67,-30.4,7826,3.1,3051,-24.7,28977103,-28.3,98,7826
23,5,2016,5/23/2016,201621,Monday,68,25.9,9863.51,-8.7,6708.9,14.9,7826,3.1,5323,29.7,52503843,18.4,98,7826
24,5,2016,5/24/2016,201621,Tuesday,66.7,0.6,10430.86,-7.3,6953.45,-6.8,7826,3.1,5217,3.6,54417667,-3.9,98,7826
25,5,2016,5/25/2016,201621,Wednesday,65.4,-17.8,9883.06,-13.9,6464.65,-29.2,7826,3.1,5119,-15.2,50592313,-27,98,7826
26,5,2016,5/26/2016,201621,Thursday,67.2,6,9641.17,-10.3,6482.3,-5,7826,3.1,5262,9.2,50730479,-2.1,98,7826
27,5,2016,5/27/2016,201621,Friday,66.3,21.3,8956.15,0.6,5942.37,22,7826,3.1,5193,25,46504955,25.7,98,7826
28,5,2016,5/28/2016,201621,Saturday,59.3,29.2,8901.42,3.3,5275.08,33.4,7826,3.1,4638,33.1,41282774,37.5,98,7826
29,5,2016,5/29/2016,201622,Sunday,41.7,15.6,8851.74,-7.6,3690.86,6.8,7826,3.1,3263,19.2,28884703,10.1,98,7826
30,5,2016,5/30/2016,201622,Monday,60.9,-2.4,9682.18,-7,5899.26,-9.2,7826,3.1,4768,0.6,46167577,-6.5,98,7826
31,5,2016,5/31/2016,201622,Tuesday,73.8,6.3,10022.71,-3.1,7391.82,3.1,7826,3.1,5772,9.6,57848367,6.2,98,7826
1,6,2016,6/1/2016,201622,Wednesday,76.9,26.3,10199.69,-4.8,7845.39,20.3,7826,3.1,602,30.2,61398012,24,98,7826
2,6,2016,6/2/2016,201622,Thursday,72.7,38.9,10413.31,-3.6,7567.38,34,7826,3.1,5687,43.1,59222333,38.1,98,7826
3,6,2016,6/3/2016,201622,Friday,61.7,32.1,9436.03,-17.2,5818.95,9.4,7826,3.1,4826,36.1,45539113,12.8,98,7826
4,6,2016,6/4/2016,201622,Saturday,56.9,32.3,8916.19,-21.3,5074.02,4.1,7826,3.1,4454,36.3,39709302,7.3,98,7826
5,6,2016,6/5/2016,201623,Sunday,46.3,79.4,8995.21,-12.6,4161.48,56.7,7826,3.1,3621,84.9,32567746,61.5,98,7826
6,6,2016,6/6/2016,201623,Monday,53,22.7,10266.64,-6.9,5437.97,14.2,7826,3.1,4145,26.4,42557586,17.7,98,7826
7,6,2016,6/7/2016,201623,Tuesday,54.9,5.6,10544.3,-3.1,5790.1,2.3,7826,3.1,4297,8.8,45313293,5.5,98,7826
8,6,2016,6/8/2016,201623,Wednesday,64.8,-7.5,10189.43,-1.9,6601.64,-9.2,7826,3.1,507,-4.7,51664455,-6.4,98,7826
9,6,2016,6/9/2016,201623,Thursday,66,9.6,9763.88,-5.9,6445.85,3.1,7826,3.1,5167,12.9,50445234,6.3,98,7826
10,6,2016,6/10/2016,201623,Friday,53.3,22.9,9281.76,-0.1,4944.8,22.8,7826,3.1,4169,26.7,38698044,26.6,98,7826
11,6,2016,6/11/2016,201623,Saturday,51,63.5,9143.97,-3.7,4660.82,57.4,7826,3.1,3989,68.5,36475572,62.2,98,7826
12,6,2016,6/12/2016,201624,Sunday,54.6,56.3,9383.49,-0.1,5123.86,56.2,7826,3.1,4273,61.1,40099336,61,98,7826
13,6,2016,6/13/2016,201624,Monday,61.8,29,10008.98,-6.6,6187.64,20.5,7826,3.1,4838,33,48424482,24.2,98,7826
14,6,2016,6/14/2016,201624,Tuesday,67.8,2.4,10059.22,-8.3,6815.86,-6.2,7826,3.1,5303,5.5,53340939,-3.3,98,7826
15,6,2016,6/15/2016,201624,Wednesday,75.6,7.4,10154.73,-9.6,7675.69,-2.8,7826,3.1,5915,10.7,60069943,0.1,98,7826
16,6,2016,6/16/2016,201624,Thursday,80.3,34.4,12196.92,18.1,9793.58,58.8,7826,3.1,6284,38.5,76644520,63.6,98,7826
17,6,2016,6/17/2016,201624,Friday,76.9,101.4,11584.29,23,8910.39,147.7,7826,3.1,602,107.5,69732716,155.3,98,7826
18,6,2016,6/18/2016,201624,Saturday,68.9,142,11979.97,23.7,8258.32,199.4,7826,3.1,5395,149.4,64629628,208.6,98,7826
19,6,2016,6/19/2016,201625,Sunday,51.2,68.5,8720.76,-9.5,4462.96,52.5,7826,3.1,4005,73.7,34927104,57.2,98,7826
20,6,2016,6/20/2016,201625,Monday,58.6,5.9,9327.8,-22.9,5465.79,-18.4,7826,3.1,4586,9.1,42775269,-15.9,98,7826
21,6,2016,6/21/2016,201625,Tuesday,52.5,-24.1,9944.17,-7.7,5216.28,-30,7826,3.1,4105,-21.8,40822588,-27.8,98,7826
22,6,2016,6/22/2016,201625,Wednesday,51.4,-33,9528.25,-1.6,4900.58,-34.1,7826,3.1,4025,-30.9,38351932,-32,98,7826
23,6,2016,6/23/2016,201625,Thursday,52.3,-24,8864.13,-8.5,4636.13,-30.5,7826,3.1,4093,-21.7,36282339,-28.4,98,7826
24,6,2016,6/24/2016,201625,Friday,52,-17.8,8320.63,-2.5,4330.57,-19.8,7826,3.1,4073,-15.3,33891058,-17.4,98,7826
25,6,2016,6/25/2016,201625,Saturday,52.3,-7.9,7576.51,-6,3958.8,-13.4,7826,3.1,4089,-5.1,30981531,-10.7,98,7826
26,6,2016,6/26/2016,201626,Sunday,48,-5.3,8251.74,-6,3961.11,-11,7826,3.1,3757,-2.4,30999637,-8.2,98,7826
27,6,2016,6/27/2016,201626,Monday,62.5,64.3,8743.41,-14.2,5463.42,41,7826,3.1,489,69.3,42756764,45.3,98,7826
28,6,2016,6/28/2016,201626,Tuesday,68.5,38.1,9128.26,-9.9,6255.14,24.3,7826,3.1,5363,42.3,48952716,28.1,98,7826
29,6,2016,6/29/2016,201626,Wednesday,60.7,8.5,9470.81,-3.9,5753.16,4.2,7826,1.4,4754,10.1,45024200,5.7,98,7826
30,6,2016,6/30/2016,201626,Thursday,52.1,16.4,8910.09,-11.3,4641.92,3.2,7826,1.4,4077,18.1,36327699,4.7,98,7826
1,7,2016,7/1/2016,201626,Friday,43.4,43.1,7833.79,-11.9,3396.7,26,7826,1.4,3393,45.1,26582539,27.8,98,7826
2,7,2016,7/2/2016,201626,Saturday,43.3,80.3,7534.19,-18.7,3262.92,46.5,7826,1.4,3389,82.8,25535580,48.5,98,7826
3,7,2016,7/3/2016,201627,Sunday,37.8,100.2,7945.93,-20.8,3003.93,58.5,7826,1.4,2959,103,23508735,60.8,98,7826
4,7,2016,7/4/2016,201627,Monday,51.7,38.4,9069.73,-5.7,4692.99,30.4,7826,1.4,4049,40.3,36727329,32.3,98,7826
5,7,2016,7/5/2016,201627,Tuesday,57.9,35.3,9206.22,-10,5327.11,21.7,7826,1.4,4528,37.2,41689940,23.4,98,7826
6,7,2016,7/6/2016,201627,Wednesday,59.4,30.3,9102.96,-5.9,5407.82,22.7,7826,1.4,4649,32.1,42321561,24.4,98,7826
7,7,2016,7/7/2016,201627,Thursday,55.1,61.9,8798.3,-12.3,4846.69,42,7826,1.4,4311,64.2,37930202,44,98,7826
8,7,2016,7/8/2016,201627,Friday,41.7,48.1,8308.02,-6.1,3461.3,39.1,7826,1.4,326,50.2,27088168,41,98,7826
9,7,2016,7/9/2016,201627,Saturday,38.5,97.2,8740.82,-3.9,3362.88,89.6,7826,1.4,3011,100,26317891,92.3,98,7826
10,7,2016,7/10/2016,201628,Sunday,33.9,47.4,8613.03,-5.3,2919.43,39.6,7826,1.4,2653,49.5,22847496,41.5,98,7826
11,7,2016,7/11/2016,201628,Monday,46.2,23.4,10020.75,-2.8,4628.43,19.9,7826,1.4,3615,25.1,36222103,21.6,98,7826
12,7,2016,7/12/2016,201628,Tuesday,56.3,45.1,8815.36,-7.5,4964.91,34.2,7826,1.4,4408,47.2,38855407,36.1,98,7826
13,7,2016,7/13/2016,201628,Wednesday,55.7,27.9,8893.66,-4.9,4954.12,21.7,7826,1.4,4359,29.8,38770942,23.4,98,7826
14,7,2016,7/14/2016,201628,Thursday,60.5,73.4,8538.72,-10.8,5169.24,54.7,7826,1.4,4738,75.9,40454454,56.9,98,7826
15,7,2016,7/15/2016,201628,Friday,51.6,88.9,8256.01,-9.6,4259.2,70.7,7826,1.4,4037,91.6,33332535,73.1,98,7826
16,7,2016,7/16/2016,201628,Saturday,54.6,64.2,7649.67,-5.4,4178.54,55.3,7826,1.4,4275,66.5,32701258,57.5,98,7826
17,7,2016,7/17/2016,201629,Sunday,45.2,67.4,8064.31,-3,3641.82,62.5,7826,1.4,3534,69.8,28500910,64.8,98,7826
18,7,2016,7/18/2016,201629,Monday,51.9,44.8,9176.2,3.1,4766.96,49.3,7826,1.4,4066,46.9,37306240,51.4,98,7826
19,7,2016,7/19/2016,201629,Tuesday,53.6,22.5,9100.7,-9.7,4877.53,10.7,7826,1.4,4194,24.3,38171558,12.2,98,7826
20,7,2016,7/20/2016,201629,Wednesday,53.2,37.5,9228.51,-4.7,4908.06,31,7826,1.4,4162,39.5,38410441,32.8,98,7826
21,7,2016,7/21/2016,201629,Thursday,43.3,10.2,8988.25,-1.5,3892.64,8.6,7826,1.4,3389,11.8,30463820,10.1,98,7826
22,7,2016,7/22/2016,201629,Friday,35.1,8.7,8340.95,-4.9,2930.17,3.4,7826,1.4,2749,10.3,22931538,4.9,98,7826
23,7,2016,7/23/2016,201629,Saturday,39.9,15.2,7870.02,-6,3141.2,8.4,7826,1.4,3124,16.9,24583004,9.9,98,7826
24,7,2016,7/24/2016,201630,Sunday,37.2,13.8,8123.38,-4.8,3025.05,8.4,7826,1.4,2914,15.4,23674056,9.9,98,7826
25,7,2016,7/25/2016,201630,Monday,44.4,-2.6,10081.87,12.7,4475.17,9.8,7826,1.4,3474,-1.3,35022651,11.3,98,7826
26,7,2016,7/26/2016,201630,Tuesday,47.9,16.9,8699.56,-9.6,4170.33,5.7,7826,1.4,3752,18.6,32637023,7.2,98,7826
27,7,2016,7/27/2016,201630,Wednesday,46.6,15.8,8170.36,-17.7,3807.39,-4.8,7826,1.4,3647,17.4,29796599,-3.4,98,7826
28,7,2016,7/28/2016,201630,Thursday,48.4,42.3,7639.51,-21.5,3697.54,11.6,7826,1.4,3788,44.3,28936913,13.2,98,7826
29,7,2016,7/29/2016,201630,Friday,33.1,-4.7,8018.33,-9.2,2656,-13.5,7826,1.4,2592,-3.4,20785823,-12.2,98,7826
30,7,2016,7/30/2016,201630,Saturday,36.4,21.9,7590.11,-8.5,2760.1,11.6,7826,1.4,2846,23.6,21600536,13.2,98,7826
31,7,2016,7/31/2016,201631,Sunday,32.8,3.9,8347.78,3.4,2739.36,7.4,7826,1.4,2568,5.3,21438228,8.9,98,7826
1,8,2016,8/1/2016,201631,Monday,40.6,-22.7,8414.65,-3.9,3420.32,-25.7,7868,2,3198,-21.2,26911068,-24.3,99,7868
2,8,2016,8/2/2016,201631,Tuesday,44.2,-21.9,8510.9,-6.1,3764.43,-26.7,7868,2,348,-20.4,29618548,-25.2,99,7868
3,8,2016,8/3/2016,201631,Wednesday,37.8,-37.3,8860.82,0.8,3347.65,-36.8,7868,2,2973,-36.1,26339329,-35.5,99,7868
4,8,2016,8/4/2016,201631,Thursday,38.6,-33.2,9173.48,3,3540.92,-31.2,7868,2,3037,-31.9,27859935,-29.9,99,7868
5,8,2016,8/5/2016,201631,Friday,38.9,-31.5,8006.31,-5.2,3114.99,-35.1,7868,2,3061,-30.2,24508714,-33.8,99,7868
6,8,2016,8/6/2016,201631,Saturday,38.2,-33.2,7870.16,-2.4,3009.64,-34.8,7868,2,3009,-31.9,23679827,-33.5,99,7868
7,8,2016,8/7/2016,201632,Sunday,33.7,-35.1,9245.26,14.2,3114.26,-25.9,7868,2,265,-33.8,24503007,-24.5,99,7868
8,8,2016,8/8/2016,201632,Monday,36.6,-38.4,10217.47,20.7,3739.9,-25.7,7868,2,288,-37.2,29425504,-24.2,99,7868
9,8,2016,8/9/2016,201632,Tuesday,41.7,-36.2,9903.6,12.4,4126.93,-28.3,7868,2,3279,-35,32470710,-26.9,99,7868
10,8,2016,8/10/2016,201632,Wednesday,51.9,-8.1,9320.86,-1.4,4833.65,-9.4,7868,2,408,-6.3,38031174,-7.6,99,7868
11,8,2016,8/11/2016,201632,Thursday,44.6,-21.6,9358.92,0.3,4177.85,-21.4,7868,2,3512,-20.1,32871302,-19.9,99,7868
12,8,2016,8/12/2016,201632,Friday,45.5,-14.1,9168.97,2.4,4168.15,-12,7868,2,3577,-12.4,32795031,-10.3,99,7868
13,8,2016,8/13/2016,201632,Saturday,47.1,13.5,9209.57,20.9,4337.48,37.3,7868,2,3706,15.7,34127294,40,99,7868
14,8,2016,8/14/2016,201633,Sunday,43.6,14.3,10422.26,37.7,4545.81,57.5,7868,2,3432,16.6,35766447,60.6,99,7868
15,8,2016,8/15/2016,201633,Monday,49.9,9.9,11273.98,32.3,5621.43,45.5,7868,2,3923,12.1,44229376,48.3,99,7868
16,8,2016,8/16/2016,201633,Tuesday,59.1,14.8,11255.75,29.9,6649.52,49.1,7868,2,4648,17.1,52318447,52,99,7868
17,8,2016,8/17/2016,201633,Wednesday,59.3,5,8852.71,0.6,5248.01,5.7,7868,2,4664,7.1,41291344,7.7,99,7868
18,8,2016,8/18/2016,201633,Thursday,55.2,-0.4,8390.31,1.2,4630.27,0.8,7868,2,4342,1.6,36431000,2.8,99,7868
19,8,2016,8/19/2016,201633,Friday,41.9,9,7230.54,-7.1,3031.55,1.2,7868,2,3299,11.1,23852242,3.2,99,7868
20,8,2016,8/20/2016,201633,Saturday,43.2,22.4,7574.46,2.5,3268.81,25.4,7868,2,3395,24.8,25718979,27.8,99,7868
21,8,2016,8/21/2016,201634,Sunday,50.4,105.1,7638.48,-5.3,3851.71,94.3,7868,2,3967,109.2,30305243,98.1,99,7868
22,8,2016,8/22/2016,201634,Monday,67.6,76.4,7965.07,-8.1,5386.45,62.1,7868,2,5321,79.8,42380551,65.2,99,7868
23,8,2016,8/23/2016,201634,Tuesday,69.4,61.3,9096.91,-4.8,6310.2,53.6,7868,2,5458,64.5,49648650,56.7,99,7868
24,8,2016,8/24/2016,201634,Wednesday,77.9,69.1,8671.46,-11,6756.42,50.6,7868,2,613,72.4,53159526,53.5,99,7868
25,8,2016,8/25/2016,201634,Thursday,70.6,78.1,8167.85,-13.4,5770.28,54.2,7868,2,5558,81.6,45400573,57.2,99,7868
26,8,2016,8/26/2016,201634,Friday,49.9,27.8,7361.54,-6,3670.61,20.2,7868,2,3923,30.3,28880338,22.5,99,7868
27,8,2016,8/27/2016,201634,Saturday,48.4,43.2,7528.4,-4.2,3645.89,37.1,7868,2,381,46,28685885,39.8,99,7868
28,8,2016,8/28/2016,201635,Sunday,38.4,15.5,8258.52,2,3175.06,17.7,7868,2,3025,17.7,24981400,20,99,7868
29,8,2016,8/29/2016,201635,Monday,45,33.5,9142.75,3.2,4118.79,37.7,7868,2,3545,36.1,32406642,40.4,99,7868
30,8,2016,8/30/2016,201635,Tuesday,46.9,0,9017.09,-3.1,4228.36,-3.1,7868,0.5,369,0.5,33268740,-2.6,99,7868
31,8,2016,8/31/2016,201635,Wednesday,49.4,-15.6,9335.39,1.5,4611.8,-14.3,7868,0.5,3887,-15.2,36285612,-13.9,99,7868
1,9,2016,9/1/2016,201635,Thursday,56.6,4.9,10332.76,13.4,5851.07,19,7926,1.2,4488,6.2,46375616,20.4,100,7926
2,9,2016,9/2/2016,201635,Friday,51.4,-11.8,9089.43,6.3,4674.82,-6.2,7926,1.2,4076,-10.7,37052614,-5.1,100,7926
3,9,2016,9/3/2016,201635,Saturday,51.7,-26.8,9230.1,-18,4771.14,-40,7926,1.2,4097,-25.9,37816059,-39.2,100,7926
4,9,2016,9/4/2016,201636,Sunday,48.5,-23.2,9439.4,-23.1,4580.2,-40.9,7926,1.2,3846,-22.3,36302632,-40.2,100,7926
5,9,2016,9/5/2016,201636,Monday,59.3,-28,10015.97,-15,5937.06,-38.7,7926,1.2,4698,-27.1,47057139,-38,100,7926
6,9,2016,9/6/2016,201636,Tuesday,61.9,-25.5,9677.73,-17.7,5987.94,-38.7,7926,1.2,4904,-24.5,47460449,-37.9,100,7926
7,9,2016,9/7/2016,201636,Wednesday,68.9,-6.9,9508.1,-16.2,6554.77,-22,7926,1.2,5464,-5.8,51953092,-21,100,7926
8,9,2016,9/8/2016,201636,Thursday,63.5,2.1,9548.54,-10.8,6066.75,-9,7926,1.2,5036,3.4,48085088,-7.8,100,7926
9,9,2016,9/9/2016,201636,Friday,56,51.6,10404.91,9.1,5821.66,65.4,7926,1.2,4435,53.5,46142470,67.4,100,7926
10,9,2016,9/10/2016,201636,Saturday,58.7,118.9,8419.96,6.4,4938.52,133,7926,1.2,4649,121.6,39142678,135.8,100,7926
11,9,2016,9/11/2016,201637,Sunday,55.1,87.6,8781.64,5.6,4835.87,98.1,7926,1.2,4365,89.9,38329069,100.5,100,7926
12,9,2016,9/12/2016,201637,Monday,72.1,47.5,10068.34,5.3,7254.83,55.3,7926,1.2,5711,49.3,57501785,57.2,100,7926
13,9,2016,9/13/2016,201637,Tuesday,79,39.5,10226.01,0,8075,39.5,7926,1.2,6259,41.2,64002451,41.2,100,7926
14,9,2016,9/14/2016,201637,Wednesday,84.5,23.7,10578.42,4.4,8941.31,29.1,7926,1.2,6699,25.2,70868823,30.6,100,7926
15,9,2016,9/15/2016,201637,Thursday,84.6,30.6,9964.29,2.1,8432.57,33.4,7926,1.2,6708,32.2,66836567,35,100,7926
16,9,2016,9/16/2016,201637,Friday,74.3,76,9329.62,2.1,6930.95,79.7,7926,1.2,5888,78.2,54934709,81.9,100,7926
17,9,2016,9/17/2016,201637,Saturday,66,87.9,8996.34,5.7,5935.57,98.7,7926,1.2,5229,90.2,47045314,101.1,100,7926
18,9,2016,9/18/2016,201638,Sunday,49.2,25.1,9245.15,13.4,4548.38,41.8,7926,1.2,3899,26.6,36050447,43.6,100,7926
19,9,2016,9/19/2016,201638,Monday,72.5,21.6,9453.84,-5.8,6856.24,14.5,7926,1.2,5748,23,54342579,15.9,100,7926
20,9,2016,9/20/2016,201638,Tuesday,84.6,32.4,9274.61,-10,7844.09,19.2,7926,1.2,6703,34,62172264,20.6,100,7926
21,9,2016,9/21/2016,201638,Wednesday,86.6,31.1,9748.66,-12.7,8442.54,14.5,7926,1.2,6864,32.7,66915581,15.9,100,7926
22,9,2016,9/22/2016,201638,Thursday,92,16.1,9295.31,-8.3,8547.31,6.4,7926,1.2,7288,17.5,67746018,7.7,100,7926
23,9,2016,9/23/2016,201638,Friday,90.3,24.3,8648.62,-3.1,7813.38,20.4,7926,1.2,7161,25.8,61928858,21.9,100,7926
24,9,2016,9/24/2016,201638,Saturday,77,36,8272.5,-3.5,6373.39,31.2,7926,1.2,6106,37.6,50515476,32.8,100,7926
25,9,2016,9/25/2016,201639,Sunday,62.5,71.3,8407.9,-7.6,5259.04,58.2,7926,1.2,4958,73.4,41683156,60.1,100,7926
26,9,2016,9/26/2016,201639,Monday,77.7,50.1,9767.89,-7.4,7586.38,39.1,7926,1.2,6156,52,60129640,40.7,100,7926
27,9,2016,9/27/2016,201639,Tuesday,83.2,36.3,9611.13,-6.5,7993.89,27.5,7926,1.2,6592,38,63359594,29,100,7926
28,9,2016,9/28/2016,201639,Wednesday,89.3,34.2,10044.76,1.4,8965.11,36.1,7926,1.2,7074,35.8,71057439,37.8,100,7926
29,9,2016,9/29/2016,201639,Thursday,87.5,31.6,9720.52,-5.9,8504.02,23.8,7926,1.2,6934,33.1,67402847,25.3,100,7926
30,9,2016,9/30/2016,201639,Friday,93.4,51.3,8139.21,-10.4,7602.65,35.6,7926,1.2,7403,53.2,60258572,37.2,100,7926
1,10,2016,10/1/2016,201639,Saturday,87.1,63,7274.56,-16.1,6339.24,36.8,7926,1.2,6907,64.9,50244791,38.4,100,7926
2,10,2016,10/2/2016,201640,Sunday,59.3,50.6,7807.64,-20.3,4632.87,20,7926,1.2,4703,52.4,36720131,21.4,100,7926
3,10,2016,10/3/2016,201640,Monday,81.8,46.7,8971.86,-15.7,7335.17,23.6,7926,1.2,648,48.5,58138591,25.1,100,7926
4,10,2016,10/4/2016,201640,Tuesday,75.5,9.9,9727.25,-8.1,7343.34,1,7926,1.2,5984,11.2,58203302,2.3,100,7926
5,10,2016,10/5/2016,201640,Wednesday,89.6,26.4,9981.13,-8.7,8940.7,15.4,7926,1.2,71,27.9,70864021,16.8,100,7926
6,10,2016,10/6/2016,201640,Thursday,84.1,8.7,9706.41,-5.7,8166.91,2.5,7926,1.2,6669,10,64730958,3.8,100,7926
7,10,2016,10/7/2016,201640,Friday,75.4,-1,8217.92,-12.2,6199.65,-13.1,7926,1.2,5979,0.2,49138437,-12,100,7926
8,10,2016,10/8/2016,201640,Saturday,71.6,45.5,7841.29,-12.9,5615.07,26.8,7926,1.2,5676,47.3,44505075,28.3,100,7926
9,10,2016,10/9/2016,201641,Sunday,50.6,9.8,8052.06,-15.8,4073.31,-7.5,7926,1.2,401,11.2,32285060,-6.4,100,7926
10,10,2016,10/10/2016,201641,Monday,58.2,16.3,9635.61,-7.7,5607.79,7.3,7926,1.2,4613,17.7,44447306,8.6,100,7926
11,10,2016,10/11/2016,201641,Tuesday,70,0.7,9554.68,-11.4,6683.71,-10.8,7926,1.2,5544,1.9,52975057,-9.7,100,7926
12,10,2016,10/12/2016,201641,Wednesday,79.1,10.2,9711.21,-8.7,7683.21,0.6,7926,1.2,6271,11.5,60897100,1.9,100,7926
13,10,2016,10/13/2016,201641,Thursday,84.8,46.1,9837.04,-9.4,8343.04,32.3,7926,1.2,6722,47.9,66126913,34,100,7926
14,10,2016,10/14/2016,201641,Friday,68.8,43.2,9190.43,7,6324.21,53.3,7926,1.2,5454,44.9,50125728,55.1,100,7926
15,10,2016,10/15/2016,201641,Saturday,53.4,34.3,8379.03,7,4477.33,43.7,7926,1.2,4235,35.9,35487335,45.4,100,7926
16,10,2016,10/16/2016,201642,Sunday,39.8,41.3,8721.94,-3.9,3472.85,35.7,7926,1.2,3156,43,27525782,37.4,100,7926
17,10,2016,10/17/2016,201642,Monday,65.3,37,9605.95,-14.8,6271.93,16.7,7926,1.2,5175,38.6,49711326,18.1,100,7926
18,10,2016,10/18/2016,201642,Tuesday,77.3,40.8,9524.86,-9.8,7363.16,27,7926,1.2,6127,42.5,58360416,28.5,100,7926
19,10,2016,10/19/2016,201642,Wednesday,81.8,30.7,9548.71,-12.7,7806.79,14.1,7926,1.2,648,32.3,61876643,15.5,100,7926
20,10,2016,10/20/2016,201642,Thursday,75.6,51.4,9242.53,-18.1,6986.99,24,7926,1.2,5992,53.3,55378848,25.5,100,7926
21,10,2016,10/21/2016,201642,Friday,61.5,59.9,8316.4,-7.8,5111.31,47.5,7926,1.2,4871,61.8,40512241,49.3,100,7926
22,10,2016,10/22/2016,201642,Saturday,53.3,35,8048.66,-15.7,4288.3,13.8,7926,1.2,4223,36.6,33989050,15.2,100,7926
23,10,2016,10/23/2016,201643,Sunday,52.3,-0.3,9019.63,8.8,4716.89,8.5,7926,1.2,4145,0.9,37386086,9.8,100,7926
24,10,2016,10/24/2016,201643,Monday,73.7,8.6,9724.04,13.5,7164.69,23.2,7926,1.2,584,9.9,56787360,24.7,100,7926
25,10,2016,10/25/2016,201643,Tuesday,81.9,8.2,9946.51,8.2,8147.48,17,7926,1.2,6492,9.5,64576926,18.4,100,7926
26,10,2016,10/26/2016,201643,Wednesday,83.9,14.3,10099.95,8.1,8471.89,23.6,7926,1.2,6648,15.7,67148161,25.1,100,7926
27,10,2016,10/27/2016,201643,Thursday,85.5,33.6,9598.5,3.5,8205.33,38.3,7926,1.2,6776,35.2,65035465,39.9,100,7926
28,10,2016,10/28/2016,201643,Friday,83.7,63.8,8898.58,10.1,7445.74,80.4,7926,1.2,6632,65.8,59014968,82.6,100,7926
29,10,2016,10/29/2016,201643,Saturday,79.9,110.8,7846.17,0.3,6272.65,111.5,7926,1.2,6336,113.3,49717011,114.1,100,7926
30,10,2016,10/30/2016,201644,Sunday,40.9,53.2,8905.75,-13.5,3642.87,32.5,7926,1.2,3242,55,28873384,34.1,100,7926
31,10,2016,10/31/2016,201644,Monday,45.5,-1.9,9486.34,-9.7,4312.6,-11.4,7926,1.2,3603,-0.7,34181658,-10.4,100,7926
1,11,2016,11/1/2016,201644,Tuesday,52.5,-11.5,9550.4,-10.9,5012.73,-21.1,7926,1.2,416,-10.4,39730867,-20.2,100,7926
2,11,2016,11/2/2016,201644,Wednesday,67.2,11.1,9607.92,-9.8,6452.66,0.2,7926,1.2,5323,12.5,51143813,1.4,100,7926
3,11,2016,11/3/2016,201644,Thursday,69.8,26.2,8831.72,-14,6166.19,8.6,7926,1.2,5534,27.8,48873198,9.9,100,7926
4,11,2016,11/4/2016,201644,Friday,57.4,32.8,8408.34,0,4827.29,32.8,7926,1.2,455,34.4,38261137,34.4,100,7926
5,11,2016,11/5/2016,201644,Saturday,49.9,18.9,7988.59,4.1,3984.51,23.8,7926,1.2,3953,20.4,31581218,25.3,100,7926
6,11,2016,11/6/2016,201645,Sunday,46.3,77.4,8185.67,-12.1,3792.62,56,7926,1.2,3672,79.6,30060271,57.9,100,7926
7,11,2016,11/7/2016,201645,Monday,68.1,62.5,9560.66,-7.3,6515.07,50.7,7926,1.2,5401,64.5,51638428,52.5,100,7926
8,11,2016,11/8/2016,201645,Tuesday,78.4,101.6,10205.97,2,8005.07,105.7,7926,1.2,6217,104.1,63448194,108.2,100,7926
9,11,2016,11/9/2016,201645,Wednesday,87.8,83.8,9443.19,-10.1,8290.2,65.3,7926,1.2,6958,86,65708125,67.3,100,7926
10,11,2016,11/10/2016,201645,Thursday,62.9,20.2,8996.93,-14.8,5661.35,2.4,7926,1.2,4987,21.7,44871870,3.6,100,7926
11,11,2016,11/11/2016,201645,Friday,61.5,32.9,8156.4,-8.4,5015.98,21.7,7926,1.2,4874,34.5,39756694,23.1,100,7926
12,11,2016,11/12/2016,201645,Saturday,63,65.2,7642.06,-8.3,4812.56,51.5,7926,1.2,4991,67.2,38144367,53.3,100,7926
13,11,2016,11/13/2016,201646,Sunday,48,58.4,8287.01,-16.8,3974.22,31.8,7926,1.2,3801,60.3,31499683,33.4,100,7926
14,11,2016,11/14/2016,201646,Monday,77.3,63.7,9018.4,-18.9,6971.47,32.7,7926,1.2,6127,65.7,55255870,34.3,100,7926
15,11,2016,11/15/2016,201646,Tuesday,78.8,48.3,9026.87,-17.1,7111.36,22.9,7926,1.2,6244,50.1,56364605,24.4,100,7926
16,11,2016,11/16/2016,201646,Wednesday,83.3,45.4,8958.06,-18.8,7462.93,18.1,7926,1.2,6603,47.2,59151200,19.6,100,7926
17,11,2016,11/17/2016,201646,Thursday,75.6,35.8,9194.29,-10.5,6953.51,21.6,7926,1.2,5994,37.5,55113560,23.1,100,7926
18,11,2016,11/18/2016,201646,Friday,47.9,13.2,8046.62,-7.8,3851.01,4.4,7926,1.2,3793,14.5,30523115,5.6,100,7926
19,11,2016,11/19/2016,201646,Saturday,42.3,17.1,7784.94,-2.2,3296.47,14.5,7926,1.2,3356,18.5,26127793,15.9,100,7926
20,11,2016,11/20/2016,201647,Sunday,47.1,39.2,8014.6,-10.1,3776.49,25.2,7926,1.2,3735,40.9,29932488,26.7,100,7926
21,11,2016,11/21/2016,201647,Monday,69,36.3,9132.85,-16,6299.99,14.5,7926,1.2,5467,37.9,49933704,15.9,100,7926
22,11,2016,11/22/2016,201647,Tuesday,77.9,30.1,9302.46,-13.8,7250.6,12.1,7926,1.2,6178,31.7,57468268,13.5,100,7926
23,11,2016,11/23/2016,201647,Wednesday,80.6,33,9305.35,-11.2,7495.68,18.1,7926,1.2,6385,34.7,59410779,19.5,100,7926
24,11,2016,11/24/2016,201647,Thursday,66.1,20.1,9253.19,-6.4,6118.75,12.4,7926,1.2,5241,21.5,48497204,13.7,100,7926
25,11,2016,11/25/2016,201647,Friday,56,46.6,8452.48,-10.2,4731.94,31.7,7926,1.2,4437,48.4,37505383,33.3,100,7926
26,11,2016,11/26/2016,201647,Saturday,51.8,73.3,7585.78,-15.8,3933,45.9,7926,1.2,4109,75.4,31172942,47.7,100,7926
27,11,2016,11/27/2016,201648,Sunday,48.3,87.6,7479.7,-16.1,3612.84,57.4,7926,1.2,3828,89.8,28635357,59.3,100,7926
28,11,2016,11/28/2016,201648,Monday,77.1,47.4,9331.83,-19.5,7190.79,18.6,7926,1.2,6108,49.2,56994171,20.1,100,7926
29,11,2016,11/29/2016,201648,Tuesday,80.5,23.3,9293.2,-21.6,7481.32,-3.3,7926,1.2,6381,24.8,59296931,-2.1,100,7926
30,11,2016,11/30/2016,201648,Wednesday,84.1,6.2,9426.43,-22,7932.03,-17.2,7926,1.2,6669,7.4,62869288,-16.2,100,7926
1,12,2016,12/1/2016,201648,Thursday,74.4,3.4,9439.4,-19.6,7027.42,-16.9,7926,1.2,5901,4.6,55699315,-15.9,100,7926
2,12,2016,12/2/2016,201648,Friday,56.6,0,8230.52,-16,4654.57,-15.9,7926,1.2,4482,1.3,36892141,-14.9,100,7926
3,12,2016,12/3/2016,201648,Saturday,39.4,42,7896.57,-14.2,3111.17,21.9,7926,1.2,3123,43.7,24659111,23.4,100,7926
4,12,2016,12/4/2016,201649,Sunday,43.8,82.6,8998.99,-13.9,3945.88,57.2,7926,1.2,3475,84.8,31275037,59.1,100,7926
5,12,2016,12/5/2016,201649,Monday,64.3,38.7,9402.64,-17,6042.54,15.1,7926,1.2,5094,40.4,47893162,16.5,100,7926
6,12,2016,12/6/2016,201649,Tuesday,76.4,64.9,9207.67,-16.9,7032.41,36.9,7926,1.2,6054,66.9,55738920,38.6,100,7926
7,12,2016,12/7/2016,201649,Wednesday,84.6,54.3,9119.72,-8.7,7718.12,40.9,7926,1.2,6708,56.2,61173851,42.6,100,7926
8,12,2016,12/8/2016,201649,Thursday,70.5,19.4,9467.72,-7.7,6674.08,10.1,7926,1.2,5587,20.8,52898768,11.5,100,7926
9,12,2016,12/9/2016,201649,Friday,58.5,24.9,8257.97,-11.8,4833.38,10.1,7926,1.2,4639,26.4,38309392,11.5,100,7926
10,12,2016,12/10/2016,201649,Saturday,52.2,70,8142.82,-16,4250.74,42.8,7926,1.2,4138,72.1,33691397,44.6,100,7926
11,12,2016,12/11/2016,201650,Sunday,46.7,101.1,8146.94,-15.6,3805.86,69.8,7926,1.2,3703,103.6,30165231,71.9,100,7926
12,12,2016,12/12/2016,201650,Monday,63.5,46.7,9051,-13.9,5749.45,26.3,7926,1.2,5035,48.4,45570123,27.8,100,7926
13,12,2016,12/13/2016,201650,Tuesday,76.1,40.1,8837.21,-15.1,6723.26,19,7926,1.2,603,41.8,53288569,20.4,100,7926
14,12,2016,12/14/2016,201650,Wednesday,86.5,96.7,8889.05,-13.2,7689.88,70.7,7926,1.2,6857,99.1,60950028,72.7,100,7926
15,12,2016,12/15/2016,201650,Thursday,64.2,69.1,9152.82,-8.4,5872.94,55,7926,1.2,5086,71.2,46548962,56.9,100,7926
16,12,2016,12/16/2016,201650,Friday,56.1,96,7904.13,-11,4430.91,74.5,7926,1.2,4443,98.4,35119424,76.6,100,7926
17,12,2016,12/17/2016,201650,Saturday,47.7,143.1,7464.81,-21.8,3557.31,90.2,7926,1.2,3777,146,28195264,92.5,100,7926
18,12,2016,12/18/2016,201651,Sunday,34.5,121.7,7298.88,-27.4,2518.48,60.9,7926,1.2,2735,124.4,19961442,62.9,100,7926
19,12,2016,12/19/2016,201651,Monday,38.3,13.3,8675.46,-6.1,3319.4,6.4,7926,1.2,3033,14.6,26309595,7.7,100,7926
20,12,2016,12/20/2016,201651,Tuesday,46.7,67.1,8493.32,-14.8,3963.47,42.4,7926,1.2,3699,69.1,31414499,44.1,100,7926
21,12,2016,12/21/2016,201651,Wednesday,51.4,123.7,8144.83,-5.7,4187.38,110.8,7926,1.2,4075,126.4,33189146,113.4,100,7926
22,12,2016,12/22/2016,201651,Thursday,36.3,46.7,8884.97,2.1,3223.88,49.8,7926,1.2,2876,48.5,25552463,51.6,100,7926
23,12,2016,12/23/2016,201651,Friday,37.5,49.5,7508.1,-8.2,2817.07,37.3,7926,1.2,2974,51.3,22328126,38.9,100,7926
24,12,2016,12/24/2016,201651,Saturday,40.4,26.1,7271.03,-13.9,2936.6,8.5,7926,1.2,3201,27.6,23275483,9.8,100,7926
25,12,2016,12/25/2016,201652,Sunday,37.6,97.7,7704.97,-16.1,2894.75,65.8,7926,1.2,2978,100.1,22943795,67.8,100,7926
26,12,2016,12/26/2016,201652,Monday,30.9,-7.7,8597.24,3.5,2660.48,-4.5,7926,1.2,2453,-6.6,21086945,-3.3,100,7926
27,12,2016,12/27/2016,201652,Tuesday,31.1,4.1,9231.33,-9,2870.39,-5.3,7926,1.2,2465,5.4,22750728,-4.1,100,7926
28,12,2016,12/28/2016,201652,Wednesday,37,-44.2,9506.15,-11.2,3515.06,-50.5,7926,1.2,2931,-43.5,27860374,-49.9,100,7926
29,12,2016,12/29/2016,201652,Thursday,39.6,-58,10774.53,-6,4266.36,-60.5,7926,1.2,3138,-57.5,33815165,-60,100,7926
30,12,2016,12/30/2016,201652,Friday,88.8,1.9,10738.2,25,9533.76,27.4,7926,1.3,7037,3.2,75564566,29.1,100,7926
31,12,2016,12/31/2016,201652,Saturday,98.6,126.5,11127.56,53.4,10968.61,247.4,7926,1.3,7813,129.4,86937216,251.8,100,7926
1,1,2017,1/1/2017,201701,Sunday,82.7,143.8,9587.86,55.7,7926.89,279.6,7926,1.3,6553,146.9,62828511,284.4,100,7926
2,1,2017,1/2/2017,201701,Monday,39.4,36.5,8499.28,21.7,3344.55,66.1,7926,1.3,3119,38.2,26508878,68.2,100,7926
3,1,2017,1/3/2017,201701,Tuesday,30.1,66.7,8994.43,17,2705.3,95.1,7926,1.3,2384,68.8,21442189,97.6,100,7926
4,1,2017,1/4/2017,201701,Wednesday,29,215,7966.35,8.7,2310.09,242.3,7926,1.3,2298,219,18309736,246.6,100,7926
5,1,2017,1/5/2017,201701,Thursday,26.4,85,8009.46,5.8,2118.23,95.6,7926,1.3,2096,87.3,16789082,98.1,100,7926
6,1,2017,1/6/2017,201701,Friday,28,4.2,7214.22,-4.3,2021.19,-0.3,7926,1.3,2221,5.5,16019928,1,100,7926
7,1,2017,1/7/2017,201701,Saturday,30.3,-4.4,6736.82,-11.2,2042.79,-15.2,7926,1.3,2403,-3.2,16191187,-14.1,100,7926
8,1,2017,1/8/2017,201702,Sunday,22.8,-32.9,7258.08,-13.1,1655.98,-41.7,7926,1.3,1808,-32.1,13125321,-41,100,7926
9,1,2017,1/9/2017,201702,Monday,37.8,-14.6,8189.33,-8.1,3098.02,-21.5,7926,1.3,2998,-13.5,24554886,-20.5,100,7926
10,1,2017,1/10/2017,201702,Tuesday,42.4,-12,8370.53,-7.1,3552.63,-18.3,7926,1.3,3364,-10.9,28158164,-17.2,100,7926
11,1,2017,1/11/2017,201702,Wednesday,56.6,21.8,7777.18,-14.4,4403.61,4.2,7926,1.3,4488,23.3,34903036,5.6,100,7926
12,1,2017,1/12/2017,201702,Thursday,56.3,24.3,7669.93,-15.2,4316.54,5.4,7926,1.3,4461,25.9,34212915,6.8,100,7926
13,1,2017,1/13/2017,201702,Friday,32.4,-23.3,7229.94,-10.4,2344.86,-31.3,7926,1.3,2571,-22.3,18585364,-30.4,100,7926
14,1,2017,1/14/2017,201702,Saturday,26.2,-33.9,7633.38,-7,2000.04,-38.6,7926,1.3,2077,-33.1,15852332,-37.8,100,7926
15,1,2017,1/15/2017,201703,Sunday,28.3,-24.9,8076.68,-5.9,2286.6,-29.3,7926,1.3,2244,-23.9,18123573,-28.4,100,7926
16,1,2017,1/16/2017,201703,Monday,48.5,-11.7,8948.99,-4,4338.22,-15.3,7926,1.3,3842,-10.6,34384760,-14.2,100,7926
17,1,2017,1/17/2017,201703,Tuesday,58.7,-5.9,9091.3,-2.3,5335.04,-8.1,7926,1.3,4651,-4.7,42285566,-6.9,100,7926
18,1,2017,1/18/2017,201703,Wednesday,58.7,-5.9,8946.73,-6,5250.21,-11.5,7926,1.3,4651,-4.7,41613139,-10.4,100,7926
19,1,2017,1/19/2017,201703,Thursday,41.8,-35.9,9465.32,-1.9,3956.91,-37.1,7926,1.3,3313,-35.1,31362443,-36.3,100,7926
20,1,2017,1/20/2017,201703,Friday,27,-47.9,9236.07,6.3,2497.01,-44.6,7926,1.3,2143,-47.2,19791279,-43.9,100,7926
21,1,2017,1/21/2017,201703,Saturday,26.6,-35.9,8452.5,-4.1,2247.84,-38.5,7926,1.3,2108,-35.1,17816375,-37.8,100,7926
22,1,2017,1/22/2017,201704,Sunday,33.1,38.6,8406.63,-20.9,2780.12,9.7,7926,1.3,2621,40.3,22035205,11.1,100,7926
23,1,2017,1/23/2017,201704,Monday,56.7,36,8654.13,-22.2,4904.4,5.9,7926,1.3,4492,37.8,38872312,7.2,100,7926
24,1,2017,1/24/2017,201704,Tuesday,66.6,39.3,9065.93,-21,6040.78,10.1,7926,1.3,5281,41.1,47879207,11.5,100,7926
25,1,2017,1/25/2017,201704,Wednesday,74.4,51.9,9056.07,-16,6740.72,27.6,7926,1.3,59,53.8,53426963,29.2,100,7926
26,1,2017,1/26/2017,201704,Thursday,65.7,40.7,8750.07,-19.3,5748.75,13.5,7926,1.3,5207,42.5,45564559,14.9,100,7926
27,1,2017,1/27/2017,201704,Friday,40.3,-3.1,7736.3,-13.8,3116.43,-16.4,7926,1.3,3193,-1.8,24700823,-15.3,100,7926
28,1,2017,1/28/2017,201704,Saturday,30.9,-17,7717.86,-8.9,2385.71,-24.4,7926,1.3,245,-15.9,18909174,-23.4,100,7926
29,1,2017,1/29/2017,201705,Sunday,39.4,22.6,8965.41,1.5,3532.37,24.4,7926,1.3,3123,24.1,27997597,26,100,7926
30,1,2017,1/30/2017,201705,Monday,57.9,28.5,9106.29,-9.5,5272.36,16.3,7926,4.9,4589,34.7,41788687,22,100,7926
31,1,2017,1/31/2017,201705,Tuesday,69.8,28.8,8868.66,-9.4,6187.83,16.7,7926,4.9,553,35.1,49044776,22.4,100,7926
1,2,2017,2/1/2017,201705,Wednesday,61.1,2.1,9192.14,-4.1,5612.13,-2.1,7926,4.9,4839,7.1,44481747,2.6,100,7926
2,2,2017,2/2/2017,201705,Thursday,63.4,9.3,8771.19,-7.4,5559.42,1.2,7926,4.9,5024,14.7,44063949,6.2,100,7926
3,2,2017,2/3/2017,201705,Friday,37.4,-9.9,8322.95,-5.1,3114.04,-14.5,7926,4.9,2966,-5.5,24681883,-10.3,100,7926
4,2,2017,2/4/2017,201705,Saturday,29,-25.3,7888.98,-4.9,2290.97,-28.9,7926,4.9,2302,-21.6,18158191,-25.4,100,7926
5,2,2017,2/5/2017,201706,Sunday,27.2,-22,7993.4,-13.8,2174.72,-32.8,7926,4.9,2156,-18.2,17236866,-29.5,100,7926
6,2,2017,2/6/2017,201706,Monday,44.7,-17.5,9606.46,-6.5,4294.08,-22.8,7926,4.9,3543,-13.4,34034876,-19.1,100,7926
7,2,2017,2/7/2017,201706,Tuesday,52.6,-3.6,9552.8,-5.3,5022.81,-8.7,7926,4.9,4167,1.1,39810765,-4.2,100,7926
8,2,2017,2/8/2017,201706,Wednesday,63.7,23.9,9245.63,-9.4,5892.21,12.2,7926,4.9,5051,29.9,46701617,17.7,100,7926
9,2,2017,2/9/2017,201706,Thursday,58.2,29.2,8569.47,-10.7,4989.9,15.4,7926,4.9,4615,35.5,39549972,21,100,7926
10,2,2017,2/10/2017,201706,Friday,40.7,13.6,7924.81,-11.4,3228.2,0.6,7926,4.9,3229,19.1,25586735,5.5,100,7926
11,2,2017,2/11/2017,201706,Saturday,33.5,9.6,7547.95,-17.3,2524.83,-9.3,7926,4.9,2651,14.9,20011834,-4.9,100,7926
12,2,2017,2/12/2017,201707,Sunday,24.6,29.5,8729.74,-0.2,2150.1,29.2,7926,4.9,1952,35.8,17041666,35.5,100,7926
13,2,2017,2/13/2017,201707,Monday,40.4,140.6,9649.8,5.3,3902.19,153.4,7926,4.9,3205,152.4,30928789,165.8,100,7926
14,2,2017,2/14/2017,201707,Tuesday,33,-7.2,9024.46,-11.7,2974.02,-18.1,7926,4.9,2612,-2.7,23572045,-14.1,100,7926
15,2,2017,2/15/2017,201707,Wednesday,26.1,-60.2,8697.35,-4.9,2267.11,-62.1,7926,4.9,2066,-58.2,17969121,-60.2,100,7926
16,2,2017,2/16/2017,201707,Thursday,31.5,-55.3,7939.82,-5.6,2498.53,-57.8,7926,4.9,2494,-53.2,19803360,-55.8,100,7926
17,2,2017,2/17/2017,201707,Friday,33.7,-38.9,7983.51,-1.1,2690.31,-39.5,7926,4.9,2671,-35.9,21323424,-36.6,100,7926
18,2,2017,2/18/2017,201707,Saturday,29,-32.1,7795.52,-5.1,2259.96,-35.6,7926,4.9,2298,-28.8,17912461,-32.5,100,7926
19,2,2017,2/19/2017,201708,Sunday,40.4,65.1,8305.46,-15,3354.45,40.3,7926,4.9,3201,73.2,26587376,47.1,100,7926
20,2,2017,2/20/2017,201708,Monday,70.1,33.7,9216.16,-10.6,6462.59,19.6,7926,4.9,5558,40.3,51222471,25.4,100,7926
21,2,2017,2/21/2017,201708,Tuesday,77.8,9.3,9676.7,0.4,7524.03,9.8,7926,4.9,6163,14.7,59635475,15.2,100,7926
22,2,2017,2/22/2017,201708,Wednesday,91.4,11.3,9470.26,-0.9,8654.12,10.4,7926,4.9,7243,16.8,68592539,15.8,100,7926
23,2,2017,2/23/2017,201708,Thursday,95.1,15.7,8741.39,-4.8,8312.96,10,7926,4.9,7538,21.3,65888535,15.4,100,7926
24,2,2017,2/24/2017,201708,Friday,78.6,33.1,7799.47,-7.8,6133.98,22.6,7926,4.9,6233,39.6,48617891,28.6,100,7926
25,2,2017,2/25/2017,201708,Saturday,73.2,40,7493.23,-3.4,5484.66,35.2,7926,4.9,5801,46.9,43471417,41.9,100,7926
26,2,2017,2/26/2017,201709,Sunday,55.3,30.8,7899.7,-7.7,4368.93,20.7,7926,4.9,4383,37.2,34628148,26.6,100,7926
27,2,2017,2/27/2017,201709,Monday,59.5,31.2,9225.53,-9,5486.21,19.4,7926,4.9,4713,37.6,43483727,25.3,100,7926
28,2,2017,2/28/2017,201709,Tuesday,68.6,36,8835.78,-16.5,6064.5,13.6,7926,1.3,544,37.7,48067219,15,100,7926
1,3,2017,3/1/2017,201709,Wednesday,89.2,68.8,8873.88,-16,7919,41.8,7926,1.3,7073,71,62765975,43.6,100,7926
2,3,2017,3/2/2017,201709,Thursday,91.5,104.5,8967.95,-16.4,8202.25,71,7926,1.3,7249,107.2,65011011,73.1,100,7926
3,3,2017,3/3/2017,201709,Friday,88.5,119.9,8608.59,-6.6,7622.74,105.3,7926,1.3,7018,122.7,60417843,107.9,100,7926
4,3,2017,3/4/2017,201709,Saturday,89.4,141.3,8401.18,-9.8,7509.61,117.5,7926,1.3,7085,144.3,59521188,120.3,100,7926
5,3,2017,3/5/2017,201710,Sunday,79.7,147.6,8481.29,-12,6760.27,118,7926,1.3,6318,150.8,53581913,120.8,100,7926
6,3,2017,3/6/2017,201710,Monday,58.8,26.7,9884.39,-6.8,5813.8,18.1,7926,1.3,4662,28.4,46080211,19.6,100,7926
7,3,2017,3/7/2017,201710,Tuesday,63.9,31.9,9345.22,-14.8,5967.42,12.3,7926,1.3,5061,33.6,47297786,13.8,100,7926
8,3,2017,3/8/2017,201710,Wednesday,65.4,21.7,10374.66,3.9,6788.73,26.5,7926,1.3,5186,23.3,53807443,28.1,100,7926
9,3,2017,3/9/2017,201710,Thursday,66.7,37.7,9840.45,2.8,6565.52,41.6,7926,1.3,5288,39.4,52038298,43.4,100,7926
10,3,2017,3/10/2017,201710,Friday,59.6,21.4,8905.28,7.8,5303.88,30.9,7926,1.3,4721,23,42038527,32.6,100,7926
11,3,2017,3/11/2017,201710,Saturday,51.4,34.5,8295.66,5.4,4264.82,41.8,7926,1.3,4075,36.3,33802935,43.6,100,7926
12,3,2017,3/12/2017,201711,Sunday,39.2,37.1,8389.75,2.4,3289.79,40.4,7926,1.3,3108,38.9,26074864,42.2,100,7926
13,3,2017,3/13/2017,201711,Monday,62.7,41.5,9564.57,-1.8,5994.13,39,7926,1.3,4967,43.3,47509445,40.8,100,7926
14,3,2017,3/14/2017,201711,Tuesday,74.5,30.3,9772.57,-0.5,7277.95,29.7,7926,1.3,5903,32,57684996,31.4,100,7926
15,3,2017,3/15/2017,201711,Wednesday,70,9,9762.46,-0.6,6836.5,8.4,7926,1.3,555,10.4,54186123,9.7,100,7926
16,3,2017,3/16/2017,201711,Thursday,60.9,-0.8,9669.69,6,5888.09,5.2,7926,1.3,4826,0.5,46668976,6.5,100,7926
17,3,2017,3/17/2017,201711,Friday,47.1,-12,8431.91,-0.4,3972.58,-12.4,7926,1.3,3734,-10.9,31486699,-11.3,100,7926
18,3,2017,3/18/2017,201711,Saturday,44.4,-19.1,7665.59,0.3,3407.11,-18.9,7926,1.3,3523,-18.1,27004777,-17.9,100,7926
19,3,2017,3/19/2017,201712,Sunday,44,15.8,9450.06,5.9,4158.25,22.6,7926,1.3,3488,17.3,32958312,24.2,100,7926
20,3,2017,3/20/2017,201712,Monday,62.6,21.9,9463.58,-4.3,5921.49,16.7,7926,1.3,4959,23.5,46933713,18.2,100,7926
21,3,2017,3/21/2017,201712,Tuesday,70.2,28.4,9108.29,-11.3,6391.9,13.9,7926,1.3,5562,30,50662174,15.3,100,7926
22,3,2017,3/22/2017,201712,Wednesday,78.5,75.9,9120.09,-8.5,7156.85,61,7926,1.3,622,78.2,56725166,63,100,7926
23,3,2017,3/23/2017,201712,Thursday,70.9,87.8,9285.31,3,6580.32,93.4,7926,1.3,5617,90.2,52155581,95.9,100,7926
24,3,2017,3/24/2017,201712,Friday,66.3,61.2,8162.21,0,5409.52,61.1,7926,1.3,5253,63.2,42875894,63.2,100,7926
25,3,2017,3/25/2017,201712,Saturday,57.8,49.6,8050.11,3.7,4651.43,55.1,7926,1.3,458,51.5,36867205,57,100,7926
26,3,2017,3/26/2017,201713,Sunday,46.6,56,7892.23,-6.6,3675.44,45.6,7926,1.3,3691,57.9,29131571,47.5,100,7926
27,3,2017,3/27/2017,201713,Monday,69.3,95.7,9096.6,-0.9,6307.32,93.9,7926,1.3,5496,98.2,49991799,96.4,100,7926
28,3,2017,3/28/2017,201713,Tuesday,78.2,64.2,9252.67,-2.4,7233.47,60.2,7926,1.3,6196,66.3,57332490,62.2,100,7926
29,3,2017,3/29/2017,201713,Wednesday,82.7,29.5,9200.03,-0.5,7605.78,28.8,7926,1.3,6553,31.1,60283375,30.5,100,7926
30,3,2017,3/30/2017,201713,Thursday,70.1,28.6,9577.91,3.3,6716.73,32.8,7926,1.3,5558,30.2,53236776,34.5,100,7926
31,3,2017,3/31/2017,201713,Friday,67.5,69.2,8664.78,3.9,5845.3,75.8,7926,1.3,5347,71.4,46329828,78.1,100,7926
1,4,2017,4/1/2017,201713,Saturday,65.2,130.3,7967.39,-0.7,5195.65,128.7,7926,1.3,5169,133.2,41180741,131.6,100,7926
2,4,2017,4/2/2017,201714,Sunday,42.1,48.6,8957.73,-0.7,3770.58,47.5,7926,1.3,3336,50.5,29885595,49.4,100,7926
3,4,2017,4/3/2017,201714,Monday,71,54.9,9115.38,-7.6,6471.19,43.2,7926,1.3,5627,56.9,51290634,45,100,7926
4,4,2017,4/4/2017,201714,Tuesday,89.3,72.4,9092.09,-6.2,8115.31,61.7,7926,1.3,7074,74.6,64321961,63.8,100,7926
5,4,2017,4/5/2017,201714,Wednesday,94,77.9,9692.05,-0.3,9108.88,77.3,7926,1.3,7449,80.1,72197012,79.6,100,7926
6,4,2017,4/6/2017,201714,Thursday,86.5,69.1,9563.05,0.6,8272.03,70.1,7926,1.3,6856,71.3,65564091,72.3,100,7926
7,4,2017,4/7/2017,201714,Friday,85.7,62,8714.55,2.6,7465.14,66.1,7926,1.3,679,64,59168705,68.2,100,7926
8,4,2017,4/8/2017,201714,Saturday,65.6,54.5,8190.57,10.1,5375.12,70.2,7926,1.3,5201,56.5,42603187,72.3,100,7926
9,4,2017,4/9/2017,201715,Sunday,49.9,74.3,8003.2,-15.2,3995.26,47.8,7926,1.3,3957,76.6,31666461,49.7,100,7926
10,4,2017,4/10/2017,201715,Monday,68.4,43.3,9529.08,-9.3,6516.24,30,7926,1.3,542,45.1,51647703,31.7,100,7926
11,4,2017,4/11/2017,201715,Tuesday,71.2,25.1,9228.91,-9.2,6574.5,13.6,7926,1.3,5646,26.7,52109471,15.1,100,7926
12,4,2017,4/12/2017,201715,Wednesday,65.5,1.3,9072.47,-15,5944.94,-13.8,7926,1.3,5194,2.6,47119561,-12.7,100,7926
13,4,2017,4/13/2017,201715,Thursday,57.7,-8.6,8130.17,-15.7,4695.06,-22.9,7926,1.3,4577,-7.5,37213075,-22,100,7926
14,4,2017,4/14/2017,201715,Friday,62.7,4.6,7474.58,-7,4688.13,-2.8,7926,1.3,4971,5.9,37158140,-1.5,100,7926
15,4,2017,4/15/2017,201715,Saturday,47.7,-9.8,7561.85,-7.1,3603.69,-16.2,7926,1.3,3777,-8.7,28562845,-15.1,100,7926
16,4,2017,4/16/2017,201716,Sunday,44,19.8,8086.3,-16.5,3555.05,0,7926,1.3,3485,21.3,28177290,1.3,100,7926
17,4,2017,4/17/2017,201716,Monday,39.4,-31,9712.55,-3.4,3830.1,-33.3,7926,1.3,3126,-30.1,30357335,-32.4,100,7926
18,4,2017,4/18/2017,201716,Tuesday,68.9,-6.5,9259.63,-6.5,6382.13,-12.6,7926,1.3,5463,-5.3,50584740,-11.5,100,7926
19,4,2017,4/19/2017,201716,Wednesday,89.9,10.8,9470.42,-10,8518.27,-0.3,7926,1.3,7129,12.2,67515821,1,100,7926
20,4,2017,4/20/2017,201716,Thursday,89.9,13.5,9481.19,-10.9,8523.29,1.1,7926,1.3,7125,14.9,67555619,2.4,100,7926
21,4,2017,4/21/2017,201716,Friday,85.6,31,8826.64,-8.7,7556.82,19.6,7926,1.3,6786,32.7,59895318,21.2,100,7926
22,4,2017,4/22/2017,201716,Saturday,78.8,44,8866.04,-1.3,6983.83,42.1,7926,1.3,6243,45.9,55353825,44,100,7926
23,4,2017,4/23/2017,201717,Sunday,70.9,104.3,8920.85,-7.1,6324.3,89.8,7926,1.3,5619,106.9,50126437,92.3,100,7926
24,4,2017,4/24/2017,201717,Monday,82.6,32.2,9776.08,-8.6,8076.08,20.9,7926,1.3,6548,33.9,64010976,22.4,100,7926
25,4,2017,4/25/2017,201717,Tuesday,90,44.9,9750.39,-7.2,8774.89,34.4,7926,1.3,7133,46.7,69549802,36.1,100,7926
26,4,2017,4/26/2017,201717,Wednesday,94.8,74.8,10066.09,-2.7,9539.71,70.1,7926,1.3,7512,77,75611748,72.3,100,7926
27,4,2017,4/27/2017,201717,Thursday,88.4,195.2,10167.87,3.2,8990.42,204.7,7926,1.3,7008,199,71258084,208.6,100,7926
28,4,2017,4/28/2017,201717,Friday,70,116.9,9069.24,5.3,6349.13,128.3,7926,1.3,5549,119.7,50323210,131.2,100,7926
29,4,2017,4/29/2017,201717,Saturday,75.9,163.6,8265.74,-1.6,6274.94,159.4,7926,1.3,6017,167,49735212,162.7,100,7926
30,4,2017,4/30/2017,201718,Sunday,52.4,208.6,8406.85,5.3,4407.85,224.9,7926,1.3,4156,212.5,34936627,229,100,7926
1,5,2017,5/1/2017,201718,Monday,34.2,122.5,8673.82,-14.4,2967.69,90.5,7943,1.5,2718,125.9,23572393,93.4,101,7943
2,5,2017,5/2/2017,201718,Tuesday,50.3,75.7,8845.14,-15.1,4447.89,49.1,7943,1.5,3994,78.4,35329610,51.4,101,7943
3,5,2017,5/3/2017,201718,Wednesday,68.9,79.5,9572.69,-14.5,6592.95,53.5,7943,1.5,5471,82.2,52367827,55.8,101,7943
4,5,2017,5/4/2017,201718,Thursday,65.5,60.2,8516.23,-16.6,5575.64,33.6,7943,1.5,52,62.6,44287320,35.6,101,7943
5,5,2017,5/5/2017,201718,Friday,66.9,63,7611.65,-13,5095.98,41.8,7943,1.5,5318,65.4,40477394,43.9,101,7943
6,5,2017,5/6/2017,201718,Saturday,66,56.2,7403,-16.7,4883.3,30.1,7943,1.5,524,58.6,38788031,32.1,101,7943
7,5,2017,5/7/2017,201719,Sunday,57.1,46,8429.65,-4,4816.62,40.1,7943,1.5,4539,48.2,38258393,42.2,101,7943
8,5,2017,5/8/2017,201719,Monday,68.7,41.3,9674.15,-12.1,6648.52,24.3,7943,1.5,5459,43.4,52809206,26.1,101,7943
9,5,2017,5/9/2017,201719,Tuesday,82.3,39.7,9897.49,-7.4,8143.87,29.4,7943,1.5,6536,41.8,64686733,31.3,101,7943
10,5,2017,5/10/2017,201719,Wednesday,93.2,39,10006.72,-2.2,9328.94,35.9,7943,1.5,7405,41.1,74099808,37.9,101,7943
11,5,2017,5/11/2017,201719,Thursday,92.8,47.1,9698.21,-3,9003.09,42.7,7943,1.5,7374,49.3,71511522,44.8,101,7943
12,5,2017,5/12/2017,201719,Friday,86.6,52.1,8998.95,2.5,7794.95,55.8,7943,1.5,688,54.3,61915253,58.2,101,7943
13,5,2017,5/13/2017,201719,Saturday,66.9,9.2,8554.08,2.1,5718.5,11.5,7943,1.5,531,10.8,45422065,13.1,101,7943
14,5,2017,5/14/2017,201720,Sunday,63.2,30.1,9369.51,18.2,5921.81,53.7,7943,1.5,502,32.1,47036938,56,101,7943
15,5,2017,5/15/2017,201720,Monday,83.5,45,10670.81,12.6,8911.7,63.2,7943,1.5,6634,47.2,70785602,65.7,101,7943
16,5,2017,5/16/2017,201720,Tuesday,90.8,26.8,9138.42,-4.7,8294.19,20.9,7943,1.5,7209,28.7,65880765,22.7,101,7943
17,5,2017,5/17/2017,201720,Wednesday,98.5,18.7,10099.06,0,9942.79,18.7,7943,1.5,782,20.5,78975617,20.5,101,7943
18,5,2017,5/18/2017,201720,Thursday,96.9,27.2,10212.22,1.5,9898.13,29,7943,1.5,7699,29.1,78620844,31,101,7943
19,5,2017,5/19/2017,201720,Friday,80.9,34.5,9469.67,-0.2,7661.13,34.2,7943,1.5,6426,36.5,60852323,36.2,101,7943
20,5,2017,5/20/2017,201720,Saturday,67.6,37.5,8609.2,2.2,5823.26,40.5,7943,1.5,5373,39.5,46254182,42.6,101,7943
21,5,2017,5/21/2017,201721,Sunday,60,53.9,8628.09,-9.2,5176.72,39.8,7943,1.5,4766,56.2,41118684,41.9,101,7943
22,5,2017,5/22/2017,201721,Monday,77.2,13.5,9572.63,-2.9,7390.47,10.2,7943,1.5,6132,15.2,58702528,11.8,101,7943
23,5,2017,5/23/2017,201721,Tuesday,85.9,28.9,10182.33,-2.4,8749.71,25.8,7943,1.5,6825,30.8,69498981,27.7,101,7943
24,5,2017,5/24/2017,201721,Wednesday,87.8,34.2,10078.87,2,8844.67,36.8,7943,1.5,697,36.2,70253176,38.9,101,7943
25,5,2017,5/25/2017,201721,Thursday,93.4,39,9762.98,1.3,9120.97,40.7,7943,1.5,7421,41,72447888,42.8,101,7943
26,5,2017,5/26/2017,201721,Friday,76.9,15.8,10363.3,15.7,7965.14,34,7943,1.5,6105,17.6,63267122,36,101,7943
27,5,2017,5/27/2017,201721,Saturday,75.1,26.8,8906.22,0.1,6691.57,26.9,7943,1.5,5968,28.7,53151101,28.7,101,7943
28,5,2017,5/28/2017,201722,Sunday,58.9,41.3,8347.7,-5.7,4917.95,33.2,7943,1.5,468,43.4,39063266,35.2,101,7943
29,5,2017,5/29/2017,201722,Monday,77,26.3,9111.21,-5.9,7011.78,18.9,7943,1.5,6113,28.2,55694568,20.6,101,7943
30,5,2017,5/30/2017,201722,Tuesday,90.5,22.7,9933.08,-0.9,8986.06,21.6,7943,1.5,7186,24.5,71376302,23.4,101,7943
31,5,2017,5/31/2017,201722,Wednesday,94.1,22.4,9341.09,-8.4,8791.3,12.1,7943,1.5,7475,24.2,69829281,13.7,101,7943
1,6,2017,6/1/2017,201722,Thursday,95.9,32,9030.72,-13.3,8661.71,14.5,7943,1.5,7618,34,68799972,16.2,101,7943
2,6,2017,6/2/2017,201722,Friday,86.2,39.7,8520.57,-9.7,7341.75,26.2,7943,1.5,6844,41.8,58315489,28.1,101,7943
3,6,2017,6/3/2017,201722,Saturday,76.6,34.5,7991.4,-10.4,6118.51,20.6,7943,1.5,6081,36.6,48599324,22.4,101,7943
4,6,2017,6/4/2017,201723,Sunday,69,49.2,8161.24,-9.3,5633.74,35.4,7943,1.5,5483,51.4,44748813,37.4,101,7943
5,6,2017,6/5/2017,201723,Monday,82.9,56.4,9431.97,-8.1,7815.9,43.7,7943,1.5,6582,58.8,62081706,45.9,101,7943
6,6,2017,6/6/2017,201723,Tuesday,88.4,61,10111.82,-4.1,8941.86,54.4,7943,1.5,7024,63.4,71025228,56.7,101,7943
7,6,2017,6/7/2017,201723,Wednesday,95.3,47.1,10384.01,1.9,9893.24,49.9,7943,1.5,7568,49.3,78582039,52.1,101,7943
8,6,2017,6/8/2017,201723,Thursday,85.1,29,9767.9,0,8315.51,29,7943,1.5,6762,30.9,66050089,30.9,101,7943
9,6,2017,6/9/2017,201723,Friday,61.2,14.9,9005.47,-3,5511.51,11.5,7943,1.5,4861,16.6,43777892,13.1,101,7943
10,6,2017,6/10/2017,201723,Saturday,66.6,30.7,8440.85,-7.7,5623.11,20.6,7943,1.5,5291,32.7,44664355,22.5,101,7943
11,6,2017,6/11/2017,201724,Sunday,68.1,24.8,8374.47,-10.8,5706.71,11.4,7943,1.5,5413,26.7,45328426,13,101,7943
12,6,2017,6/12/2017,201724,Monday,82.1,32.8,9261.4,-7.5,7606.15,22.9,7943,1.5,6523,34.8,60415681,24.8,101,7943
13,6,2017,6/13/2017,201724,Tuesday,82.6,21.9,9622.59,-4.3,7945.44,16.6,7943,1.5,6559,23.7,63110604,18.3,101,7943
14,6,2017,6/14/2017,201724,Wednesday,84.6,11.9,9287.85,-8.5,7856.53,2.4,7943,1.5,6719,13.6,62404449,3.9,101,7943
15,6,2017,6/15/2017,201724,Thursday,72.4,-9.8,9101.69,-25.4,6592.15,-32.7,7943,1.5,5753,-8.4,52361456,-31.7,101,7943
16,6,2017,6/16/2017,201724,Friday,57.6,-25.2,8675.88,-25.1,4993.68,-44,7943,1.5,4572,-24.1,39664802,-43.1,101,7943
17,6,2017,6/17/2017,201724,Saturday,55.2,-19.9,8359.65,-30.2,4614.09,-44.1,7943,1.5,4384,-18.7,36649731,-43.3,101,7943
18,6,2017,6/18/2017,201725,Sunday,60.9,18.9,8823.99,1.2,5370.02,20.3,7943,1.5,4834,20.7,42654089,22.1,101,7943
19,6,2017,6/19/2017,201725,Monday,84.1,43.6,9704.58,4,8166.03,49.4,7943,1.5,6684,45.7,64862798,51.6,101,7943
20,6,2017,6/20/2017,201725,Tuesday,97.2,85.4,9758.13,-1.9,9489.13,81.9,7943,1.5,7724,88.2,75372140,84.6,101,7943
21,6,2017,6/21/2017,201725,Wednesday,96.8,88.2,10177.96,6.8,9852.28,101,7943,1.5,7689,91,78256661,104,101,7943
22,6,2017,6/22/2017,201725,Thursday,87.3,67,10998.56,24.1,9606.87,107.2,7943,1.5,6938,69.5,76307407,110.3,101,7943
23,6,2017,6/23/2017,201725,Friday,77.9,49.8,10401.45,25,8107.14,87.2,7943,1.5,6191,52,64394991,90,101,7943
24,6,2017,6/24/2017,201725,Saturday,72.5,38.7,8337.07,10,6042.46,52.6,7943,1.5,5757,40.8,47995252,54.9,101,7943
25,6,2017,6/25/2017,201726,Sunday,67,39.6,8920.36,8.1,5977.68,50.9,7943,1.5,5323,41.7,47480736,53.2,101,7943
26,6,2017,6/26/2017,201726,Monday,76.1,21.7,9453.57,8.1,7191.46,31.6,7943,1.5,6042,23.6,57121752,33.6,101,7943
27,6,2017,6/27/2017,201726,Tuesday,83,21.1,9674.94,6,8031.53,28.4,7943,1.5,6594,23,63794478,30.3,101,7943
28,6,2017,6/28/2017,201726,Wednesday,82.3,35.5,9782.35,3.3,8053.26,40,7943,1.5,6539,37.5,63967054,42.1,101,7943
29,6,2017,6/29/2017,201726,Thursday,79.9,53.3,9468.59,6.3,7561.86,62.9,7943,1.5,6343,55.6,60063862,65.3,101,7943
30,6,2017,6/30/2017,201726,Friday,70,61.5,7694.76,-1.8,5387.5,58.6,7943,1.5,5561,63.9,42792912,61,101,7943
1,7,2017,7/1/2017,201726,Saturday,62.6,44.5,7363.73,-2.3,4608.1,41.2,7943,1.5,4971,46.7,36602172,43.3,101,7943
2,7,2017,7/2/2017,201727,Sunday,53.8,42.4,8287.02,4.3,4459.7,48.5,7943,1.5,4275,44.5,35423385,50.7,101,7943
3,7,2017,7/3/2017,201727,Monday,71.4,38,8364.3,-7.8,5971.35,27.2,7943,1.5,5671,40,47430435,29.1,101,7943
4,7,2017,7/4/2017,201727,Tuesday,81.9,41.5,8529.78,-7.3,6984.75,31.1,7943,1.5,6504,43.6,55479879,33.1,101,7943
5,7,2017,7/5/2017,201727,Wednesday,77.4,30.3,8120.46,-10.8,6287.74,16.3,7943,1.5,615,32.3,49943530,18,101,7943
6,7,2017,7/6/2017,201727,Thursday,60.7,10.3,8425.44,-4.2,5118.17,5.6,7943,1.5,4825,11.9,40653590,7.2,101,7943
7,7,2017,7/7/2017,201727,Friday,54.7,31.3,7433.94,-10.5,4066.86,17.5,7943,1.5,4345,33.3,32303032,19.3,101,7943
8,7,2017,7/8/2017,201727,Saturday,46.9,22,7151.36,-18.2,3356.4,-0.2,7943,1.5,3728,23.8,26659920,1.3,101,7943
9,7,2017,7/9/2017,201728,Sunday,56.1,65.6,7636.31,-11.3,4287.2,46.9,7943,1.5,4459,68.1,34053260,49,101,7943
10,7,2017,7/10/2017,201728,Monday,66.2,43.4,8956.19,-10.6,5932.76,28.2,7943,1.5,5262,45.6,47123900,30.1,101,7943
11,7,2017,7/11/2017,201728,Tuesday,71.5,26.9,8588.88,-2.6,6140.18,23.7,7943,1.5,5678,28.8,48771467,25.5,101,7943
12,7,2017,7/12/2017,201728,Wednesday,68.1,22.2,8472,-4.7,5767.22,16.4,7943,1.5,5407,24,45809008,18.2,101,7943
13,7,2017,7/13/2017,201728,Thursday,67,10.7,8305.66,-2.7,5567.63,7.7,7943,1.5,5325,12.4,44223668,9.3,101,7943
14,7,2017,7/14/2017,201728,Friday,54.8,6.1,8127.96,-1.6,4450.55,4.5,7943,1.5,4349,7.7,35350753,6.1,101,7943
15,7,2017,7/15/2017,201728,Saturday,65.7,20.3,7374.06,-3.6,4844.57,15.9,7943,1.5,5218,22.1,38480408,17.7,101,7943
16,7,2017,7/16/2017,201729,Sunday,65.3,44.5,9032.52,12,5893.89,61.8,7943,1.5,5183,46.7,46815160,64.3,101,7943
17,7,2017,7/17/2017,201729,Monday,72.1,38.9,9953.05,8.5,7179.49,50.6,7943,1.5,573,40.9,57026663,52.9,101,7943
18,7,2017,7/18/2017,201729,Tuesday,72.7,35.7,9431.15,3.6,6859.05,40.6,7943,1.5,5777,37.7,54481410,42.7,101,7943
19,7,2017,7/19/2017,201729,Wednesday,68.6,29,8039,-12.9,5516.23,12.4,7943,1.5,545,31,43815434,14.1,101,7943
20,7,2017,7/20/2017,201729,Thursday,72.4,67.2,7752.28,-13.8,5615.02,44.2,7943,1.5,5753,69.7,44600074,46.4,101,7943
21,7,2017,7/21/2017,201729,Friday,64.5,83.5,7609.64,-8.8,4905.15,67.4,7943,1.5,512,86.2,38961639,69.9,101,7943
22,7,2017,7/22/2017,201729,Saturday,57.3,43.6,7173.18,-8.9,4110.11,30.8,7943,1.5,4551,45.7,32646603,32.8,101,7943
23,7,2017,7/23/2017,201730,Sunday,57.4,54.1,7726.01,-4.9,4433.19,46.5,7943,1.5,4558,56.4,35212790,48.7,101,7943
24,7,2017,7/24/2017,201730,Monday,66.8,50.6,8624.32,-14.5,5764.16,28.8,7943,1.5,5309,52.8,45784708,30.7,101,7943
25,7,2017,7/25/2017,201730,Tuesday,65.2,36,8208.5,-5.6,5352.14,28.3,7943,1.5,5179,38,42512030,30.3,101,7943
26,7,2017,7/26/2017,201730,Wednesday,74.1,59,8061.61,-1.3,5974.77,56.9,7943,1.5,5887,61.4,47457601,59.3,101,7943
27,7,2017,7/27/2017,201730,Thursday,60.9,25.9,8653.32,13.3,5273.73,42.6,7943,1.5,4841,27.8,41889269,44.8,101,7943
28,7,2017,7/28/2017,201730,Friday,50.9,53.6,8051.88,0.4,4097.96,54.3,7943,1.5,4043,55.9,32550119,56.6,101,7943
29,7,2017,7/29/2017,201730,Saturday,51.1,40.5,7511.05,-1,3837.59,39,7943,1.5,4058,42.6,30481942,41.1,101,7943
30,7,2017,7/30/2017,201731,Sunday,50.6,54.3,8329.15,-0.2,4218.46,54,7943,1.5,4023,56.6,33507199,56.3,101,7943
31,7,2017,7/31/2017,201731,Monday,53.2,30.8,8891.28,5.7,4727.66,38.2,7943,1,4223,32.1,37551805,39.5,101,7943
1,8,2017,8/1/2017,201731,Tuesday,52.4,18.5,7826.21,-8,4103.45,9,7943,1,4165,19.7,32593692,10,101,7943
2,8,2017,8/2/2017,201731,Wednesday,53.1,40.6,7958.36,-10.2,4227.91,26.3,7943,1,422,42,33582252,27.5,101,7943
3,8,2017,8/3/2017,201731,Thursday,60.5,56.7,8522.29,-7.1,5156.2,45.6,7943,1,4806,58.2,40955661,47,101,7943
4,8,2017,8/4/2017,201731,Friday,61.6,58.4,6865.55,-14.2,4232.01,35.9,7943,1,4896,59.9,33614834,37.2,101,7943
5,8,2017,8/5/2017,201731,Saturday,64.6,69,6906.29,-12.2,4462.28,48.3,7943,1,5132,70.6,35443917,49.7,101,7943
6,8,2017,8/6/2017,201732,Sunday,63.7,89,7581.32,-18,4827.11,55,7943,1,5057,90.8,38341752,56.5,101,7943
7,8,2017,8/7/2017,201732,Monday,68.4,86.8,8669.44,-15.2,5927.7,58.5,7943,1,5431,88.6,47083739,60,101,7943
8,8,2017,8/8/2017,201732,Tuesday,64.6,55.1,8152.78,-17.7,5267.66,27.6,7943,1,5132,56.5,41841042,28.9,101,7943
9,8,2017,8/9/2017,201732,Wednesday,69.1,33.2,7639.15,-18,5276.2,9.2,7943,1,5486,34.5,41908838,10.2,101,7943
10,8,2017,8/10/2017,201732,Thursday,72.3,62,7932.48,-15.2,5738,37.3,7943,1,5746,63.6,45576962,38.7,101,7943
11,8,2017,8/11/2017,201732,Friday,72.6,59.6,7126.85,-22.3,5170.96,24.1,7943,1,5763,61.1,41072931,25.2,101,7943
12,8,2017,8/12/2017,201732,Saturday,77.7,65,7084.24,-23.1,5506.74,27,7943,1,6174,66.6,43740057,28.2,101,7943
13,8,2017,8/13/2017,201733,Sunday,71.3,63.6,7807.41,-25.1,5570.23,22.5,7943,1,5667,65.1,44244300,23.7,101,7943
14,8,2017,8/14/2017,201733,Monday,52,4.3,8701.28,-22.8,4523.5,-19.5,7943,1,4129,5.3,35930140,-18.8,101,7943
15,8,2017,8/15/2017,201733,Tuesday,53.4,-9.7,8977.57,-20.2,4791.59,-27.9,7943,1,4239,-8.8,38059574,-27.3,101,7943
16,8,2017,8/16/2017,201733,Wednesday,75.1,26.7,8220.13,-7.1,6173.99,17.6,7943,1,5966,27.9,49040009,18.8,101,7943
17,8,2017,8/17/2017,201733,Thursday,68.8,24.6,8875.3,5.8,6103.62,31.8,7943,1,5462,25.8,48481030,33.1,101,7943
18,8,2017,8/18/2017,201733,Friday,66.7,59.2,7623.79,5.4,5088.18,67.8,7943,1,5301,60.7,40415439,69.4,101,7943
19,8,2017,8/19/2017,201733,Saturday,70.9,64.4,7093.67,-6.3,5032.9,54,7943,1,5636,66,39976364,55.4,101,7943
20,8,2017,8/20/2017,201734,Sunday,58.2,15.5,7525.84,-1.5,4381.91,13.8,7943,1,4625,16.6,34805547,14.8,101,7943
21,8,2017,8/21/2017,201734,Monday,63.1,-6.7,8540.79,7.2,5391.5,0.1,7943,1,5014,-5.8,42824722,1,101,7943
22,8,2017,8/22/2017,201734,Tuesday,61.2,-11.8,9141.13,0.5,5593.97,-11.4,7943,1,4861,-10.9,44432885,-10.5,101,7943
23,8,2017,8/23/2017,201734,Wednesday,63.3,-18.7,8671.03,0,5490.89,-18.7,7943,1,503,-18,43614154,-18,101,7943
24,8,2017,8/24/2017,201734,Thursday,54.6,-22.7,8990.15,10.1,4909.58,-14.9,7943,1,4338,-22,38996797,-14.1,101,7943
25,8,2017,8/25/2017,201734,Friday,47.2,-5.4,7490.98,1.8,3534.54,-3.7,7943,1,3748,-4.5,28074889,-2.8,101,7943
26,8,2017,8/26/2017,201734,Saturday,47,-2.9,6826.19,-9.3,3211.11,-11.9,7943,1,3736,-1.9,25505860,-11.1,101,7943
27,8,2017,8/27/2017,201735,Sunday,48.3,25.6,7750.61,-6.2,3741.47,17.8,7943,1,3834,26.8,29718511,19,101,7943
28,8,2017,8/28/2017,201735,Monday,59.6,32.2,8328.11,-8.9,4960.37,20.4,7943,1,4731,33.5,39400189,21.6,101,7943
29,8,2017,8/29/2017,201735,Tuesday,67.5,44,9100.32,0.9,6145.72,45.3,7943,1,5364,45.4,48815467,46.7,101,7943
30,8,2017,8/30/2017,201735,Wednesday,74.4,50.5,8137.21,-12.8,6051.28,31.2,7943,1,5907,52,48065325,32.5,101,7943
31,8,2017,8/31/2017,201735,Thursday,72,27.1,8196.64,-20.7,5900.68,0.8,7943,0.2,5718,27.4,46869092,1.1,101,7943
1,9,2017,9/1/2017,201735,Friday,63.2,23,7962.12,-12.4,5034.96,7.7,7943,0.2,5023,23.2,39992670,7.9,101,7943
2,9,2017,9/2/2017,201735,Saturday,68.3,32.1,7870.66,-14.7,5372.94,12.6,7943,0.2,5422,32.3,42677299,12.9,101,7943
3,9,2017,9/3/2017,201736,Sunday,58.2,19.9,8246.48,-12.6,4795.95,4.7,7943,0.2,4619,20.1,38094238,4.9,101,7943
4,9,2017,9/4/2017,201736,Monday,61.8,4.3,9507.32,-5.1,5879.54,-1,7943,0.2,4912,4.6,46701188,-0.8,101,7943
5,9,2017,9/5/2017,201736,Tuesday,71.3,15.2,9066.64,-6.3,6464.77,8,7943,0.2,5664,15.5,51349641,8.2,101,7943
6,9,2017,9/6/2017,201736,Wednesday,78,13.2,9255.03,-2.7,7221.22,10.2,7943,0.2,6198,13.4,57358130,10.4,101,7943
7,9,2017,9/7/2017,201736,Thursday,71.7,12.8,9683.75,1.4,6938.54,14.4,7943,0.2,5691,13,55112806,14.6,101,7943
8,9,2017,9/8/2017,201736,Friday,72.6,29.8,10035.91,-3.5,7290.81,25.2,7943,0.2,577,30.1,57910898,25.5,101,7943
9,9,2017,9/9/2017,201736,Saturday,80.6,37.4,9882.82,17.4,7962.01,61.2,7943,0.2,6399,37.7,63242272,61.6,101,7943
10,9,2017,9/10/2017,201737,Sunday,68.9,25.1,11068.8,26,7627.81,57.7,7943,0.2,5474,25.4,60587706,58.1,101,7943
11,9,2017,9/11/2017,201737,Monday,83.4,15.7,11232.84,11.6,9368.45,29.1,7943,0.2,6625,16,74413600,29.4,101,7943
12,9,2017,9/12/2017,201737,Tuesday,75.1,-4.8,9718.8,-5,7302.4,-9.6,7943,0.2,5968,-4.6,58002929,-9.4,101,7943
13,9,2017,9/13/2017,201737,Wednesday,87.6,3.7,9653.93,-8.7,8460.2,-5.4,7943,0.2,6961,3.9,67199343,-5.2,101,7943
14,9,2017,9/14/2017,201737,Thursday,92.5,9.3,9616.99,-3.5,8897.1,5.5,7943,0.2,7348,9.6,70669683,5.7,101,7943
15,9,2017,9/15/2017,201737,Friday,82.2,10.6,8617.68,-7.6,7080.07,2.2,7943,0.2,6526,10.8,56237014,2.4,101,7943
16,9,2017,9/16/2017,201737,Saturday,77.4,17.4,8781.97,-2.4,6799.64,14.6,7943,0.2,615,17.6,54009555,14.8,101,7943
17,9,2017,9/17/2017,201738,Sunday,76.4,55.3,9337.2,1,7131.91,56.8,7943,0.2,6067,55.6,56648741,57.1,101,7943
18,9,2017,9/18/2017,201738,Monday,83,14.4,10063.14,6.4,8347.8,21.8,7943,0.2,6589,14.6,66306585,22,101,7943
19,9,2017,9/19/2017,201738,Tuesday,89.8,6.1,9830.53,6,8825.44,12.5,7943,0.2,7131,6.4,70100451,12.8,101,7943
20,9,2017,9/20/2017,201738,Wednesday,97.4,12.5,9688.85,-0.6,9436.36,11.8,7943,0.2,7736,12.7,74953022,12,101,7943
21,9,2017,9/21/2017,201738,Thursday,98.3,6.9,10531.87,13.3,10351.8,21.1,7943,0.2,7807,7.1,82224367,21.4,101,7943
22,9,2017,9/22/2017,201738,Friday,85,-5.9,9112.08,5.4,7744.88,-0.9,7943,0.2,6751,-5.7,61517549,-0.7,101,7943
23,9,2017,9/23/2017,201738,Saturday,77.5,0.6,8553.43,3.4,6627.32,4,7943,0.2,6154,0.8,52640788,4.2,101,7943
24,9,2017,9/24/2017,201739,Sunday,65.6,4.8,8227.54,-2.1,5395.35,2.6,7943,0.2,5209,5.1,42855239,2.8,101,7943
25,9,2017,9/25/2017,201739,Monday,87.2,12.3,9499.44,-2.7,8286.97,9.2,7943,0.2,6929,12.6,65823386,9.5,101,7943
26,9,2017,9/26/2017,201739,Tuesday,90.7,9,10175.53,5.9,9226.36,15.4,7943,0.2,7202,9.2,73284995,15.7,101,7943
27,9,2017,9/27/2017,201739,Wednesday,98.7,10.6,9554.69,-4.9,9429.4,5.2,7943,0.2,7839,10.8,74897686,5.4,101,7943
28,9,2017,9/28/2017,201739,Thursday,98.6,12.7,10349.14,6.5,10208.28,20,7943,0.2,7835,13,81084334,20.3,101,7943
29,9,2017,9/29/2017,201739,Friday,78.8,-15.6,8637.32,6.1,6808.06,-10.5,7943,0.2,6261,-15.4,54076396,-10.3,101,7943
30,9,2017,9/30/2017,201739,Saturday,73.6,-15.5,8138.23,11.9,5993.24,-5.5,7943,0.2,5849,-15.3,47604321,-5.3,101,7943
1,10,2017,10/1/2017,201740,Sunday,63.7,7.4,9556.87,22.4,6089,31.4,7943,0.2,5061,7.6,48364927,31.7,101,7943
2,10,2017,10/2/2017,201740,Monday,80.4,-1.7,10269.53,14.5,8254.4,12.5,7943,0.2,6384,-1.5,65564709,12.8,101,7943
3,10,2017,10/3/2017,201740,Tuesday,88.4,17.1,10099.55,3.8,8929.05,21.6,7943,0.2,7022,17.4,70923422,21.9,101,7943
4,10,2017,10/4/2017,201740,Wednesday,90.9,1.5,10176.9,2,9251.31,3.5,7943,0.2,7221,1.7,73483160,3.7,101,7943
5,10,2017,10/5/2017,201740,Thursday,93.8,11.5,11615.1,19.7,10900.62,33.5,7943,0.2,7454,11.8,86583621,33.8,101,7943
6,10,2017,10/6/2017,201740,Friday,94.8,25.7,11446.69,39.3,10856.79,75.1,7943,0.2,7534,26,86235493,75.5,101,7943
7,10,2017,10/7/2017,201740,Saturday,88.8,24,10952.7,39.7,9727.04,73.2,7943,0.2,7054,24.3,77261844,73.6,101,7943
8,10,2017,10/8/2017,201741,Sunday,77.7,53.6,11078.52,37.6,8607.71,111.3,7943,0.2,6171,53.9,68371055,111.8,101,7943
9,10,2017,10/9/2017,201741,Monday,93.2,60.2,12071.93,25.3,11257.07,100.7,7943,0.2,7407,60.6,89414887,101.2,101,7943
10,10,2017,10/10/2017,201741,Tuesday,96.2,37.6,11067.24,15.8,10651.51,59.4,7943,0.2,7645,37.9,84604921,59.7,101,7943
11,10,2017,10/11/2017,201741,Wednesday,98.8,24.9,9831.62,1.2,9712.47,26.4,7943,0.2,7847,25.1,77146112,26.7,101,7943
12,10,2017,10/12/2017,201741,Thursday,92.8,9.4,9670.64,-1.7,8969.62,7.5,7943,0.2,7367,9.6,71245688,7.7,101,7943
13,10,2017,10/13/2017,201741,Friday,80.6,17.1,9486.52,3.2,7642.14,20.8,7943,0.2,6399,17.3,60701481,21.1,101,7943
14,10,2017,10/14/2017,201741,Saturday,73.3,37.3,8065.78,-3.7,5915.66,32.1,7943,0.2,5826,37.6,46988103,32.4,101,7943
15,10,2017,10/15/2017,201742,Sunday,61,53.1,8459.25,-3,5157.54,48.5,7943,0.2,4843,53.5,40966305,48.8,101,7943
16,10,2017,10/16/2017,201742,Monday,66.9,2.5,9487.84,-1.2,6349.97,1.2,7943,0.2,5316,2.7,50437816,1.5,101,7943
17,10,2017,10/17/2017,201742,Tuesday,82.4,6.6,9364.68,-1.7,7713.99,4.8,7943,0.2,6543,6.8,61272262,5,101,7943
18,10,2017,10/18/2017,201742,Wednesday,93.4,14.2,9700.94,1.6,9060.64,16.1,7943,0.2,7419,14.5,71968678,16.3,101,7943
19,10,2017,10/19/2017,201742,Thursday,98.7,30.5,10041.25,8.6,9906.78,41.8,7943,0.2,7837,30.8,78689521,42.1,101,7943
20,10,2017,10/20/2017,201742,Friday,80.4,30.8,9113.94,9.6,7325.57,43.3,7943,0.2,6384,31.1,58186984,43.6,101,7943
21,10,2017,10/21/2017,201742,Saturday,67,25.7,8467.43,5.2,5671.55,32.3,7943,0.2,532,26,45049090,32.5,101,7943
22,10,2017,10/22/2017,201743,Sunday,58.5,11.8,9490.85,5.2,5548.51,17.6,7943,0.2,4644,12,44071840,17.9,101,7943
23,10,2017,10/23/2017,201743,Monday,81,10,9615.6,-1.1,7791.16,8.7,7943,0.2,6436,10.2,61885148,9,101,7943
24,10,2017,10/24/2017,201743,Tuesday,89.4,9.2,9803.74,-1.4,8769.41,7.6,7943,0.2,7105,9.4,69655393,7.9,101,7943
25,10,2017,10/25/2017,201743,Wednesday,93.4,11.3,10093.51,-0.1,9427.3,11.3,7943,0.2,7419,11.6,74881043,11.5,101,7943
26,10,2017,10/26/2017,201743,Thursday,95.6,11.9,10648.21,10.9,10184.46,24.1,7943,0.2,7597,12.1,80895203,24.4,101,7943
27,10,2017,10/27/2017,201743,Friday,88,5.1,9544.31,7.3,8395.3,12.8,7943,0.2,6987,5.4,66683905,13,101,7943
28,10,2017,10/28/2017,201743,Saturday,89.8,12.3,9063.7,15.5,8135.35,29.7,7943,0.2,7129,12.5,64619061,30,101,7943
29,10,2017,10/29/2017,201744,Sunday,66.9,63.6,9532.63,7,6377.95,75.1,7943,0.2,5314,63.9,50660043,75.5,101,7943
30,10,2017,10/30/2017,201744,Monday,63.6,39.8,9053.83,-4.6,5754.94,33.4,7943,0.2,5049,40.1,45711503,33.7,101,7943
31,10,2017,10/31/2017,201744,Tuesday,57,8.7,9068.46,-5,5171.53,3.2,7943,0.2,453,8.9,41077454,3.4,101,7943
,,,,,,,,,,,,,,,,,,,
,,,,,,,,,,,,,,,,,,,
,,,,,,,,,,,,,,,,,,,
,,,,,,,,,,,,,,,,,,,
,,,,,,,,,,,,,,,,,,,
,,,,,,,,,,,,,,,,,,,
,,,,,,,,,,,,,,,,,,,
,,,,,,,,,,,,,,,,,,,
,,,,,,,,,,,,,,,,,,,
,,,,,,,,,,,,,,,,,,,
,,,,,,,,,,,,,,,,,,,
,,,,,,,,,,,,,,,,,,,
,,,,,,,,,,,,,,,,,,,
,,,,,,,,,,,,,,,,,,,
,,,,,,,,,,,,,,,,,,,
,,,,,,,,,,,,,,,,,,,
,,,,,,,,,,,,,,,,,,,
,,,,,,,,,,,,,,,,,,,
,,,,,,,,,,,,,,,,,,,
,,,,,,,,,,,,,,,,,,,
,,,,,,,,,,,,,,,,,,,
,,,,,,,,,,,,,,,,,,,
,,,,,,,,,,,,,,,,,,,
,,,,,,,,,,,,,,,,,,,
,,,,,,,,,,,,,,,,,,,
,,,,,,,,,,,,,,,,,,,
,,,,,,,,,,,,,,,,,,,
,,,,,,,,,,,,,,,,,,,
,,,,,,,,,,,,,,,,,,,
,,,,,,,,,,,,,,,,,,,
,,,,,,,,,,,,,,,,,,,
,,,,,,,,,,,,,,,,,,,
,,,,,,,,,,,,,,,,,,,
,,,,,,,,,,,,,,,,,,,
,,,,,,,,,,,,,,,,,,,
,,,,,,,,,,,,,,,,,,,
,,,,,,,,,,,,,,,,,,,
,,,,,,,,,,,,,,,,,,,
,,,,,,,,,,,,,,,,,,,
,,,,,,,,,,,,,,,,,,,
,,,,,,,,,,,,,,,,,,,
,,,,,,,,,,,,,,,,,,,
,,,,,,,,,,,,,,,,,,,
,,,,,,,,,,,,,,,,,,,
,,,,,,,,,,,,,,,,,,,
,,,,,,,,,,,,,,,,,,,
,,,,,,,,,,,,,,,,,,,
,,,,,,,,,,,,,,,,,,,
,,,,,,,,,,,,,,,,,,,
,,,,,,,,,,,,,,,,,,,
,,,,,,,,,,,,,,,,,,,
,,,,,,,,,,,,,,,,,,,
,,,,,,,,,,,,,,,,,,,
,,,,,,,,,,,,,,,,,,,
,,,,,,,,,,,,,,,,,,,
,,,,,,,,,,,,,,,,,,,
,,,,,,,,,,,,,,,,,,,
,,,,,,,,,,,,,,,,,,,
,,,,,,,,,,,,,,,,,,,
,,,,,,,,,,,,,,,,,,,
,,,,,,,,,,,,,,,,,,,
